Date,Time,Stock Name,Last Traded Quantity
22/04/24,9:15:07,ABC,56427
22/04/24,9:15:08,ABC,0
22/04/24,9:15:09,ABC,0
22/04/24,9:15:10,ABC,0
22/04/24,9:15:11,ABC,0
22/04/24,9:15:12,ABC,0
22/04/24,9:15:13,ABC,0
22/04/24,9:15:14,ABC,0
22/04/24,9:15:15,ABC,7286
22/04/24,9:15:16,ABC,0
22/04/24,9:15:17,ABC,0
22/04/24,9:15:18,ABC,0
22/04/24,9:15:19,ABC,0
22/04/24,9:15:20,ABC,0
22/04/24,9:15:21,ABC,0
22/04/24,9:15:22,ABC,0
22/04/24,9:15:23,ABC,13988
22/04/24,9:15:24,ABC,0
22/04/24,9:15:25,ABC,0
22/04/24,9:15:26,ABC,0
22/04/24,9:15:27,ABC,0
22/04/24,9:15:28,ABC,0
22/04/24,9:15:29,ABC,0
22/04/24,9:15:30,ABC,9402
22/04/24,9:15:31,ABC,0
22/04/24,9:15:32,ABC,0
22/04/24,9:15:33,ABC,0
22/04/24,9:15:34,ABC,0
22/04/24,9:15:35,ABC,0
22/04/24,9:15:36,ABC,0
22/04/24,9:15:37,ABC,12666
22/04/24,9:15:38,ABC,0
22/04/24,9:15:39,ABC,0
22/04/24,9:15:40,ABC,0
22/04/24,9:15:41,ABC,0
22/04/24,9:15:42,ABC,0
22/04/24,9:15:43,ABC,0
22/04/24,9:15:44,ABC,24568
22/04/24,9:15:45,ABC,0
22/04/24,9:15:46,ABC,0
22/04/24,9:15:47,ABC,0
22/04/24,9:15:48,ABC,0
22/04/24,9:15:49,ABC,0
22/04/24,9:15:50,ABC,5540
22/04/24,9:15:51,ABC,0
22/04/24,9:15:52,ABC,0
22/04/24,9:15:53,ABC,0
22/04/24,9:15:54,ABC,0
22/04/24,9:15:55,ABC,0
22/04/24,9:15:56,ABC,0
22/04/24,9:15:57,ABC,4828
22/04/24,9:15:58,ABC,0
22/04/24,9:15:59,ABC,0
22/04/24,9:16:00,ABC,0
22/04/24,9:16:01,ABC,0
22/04/24,9:16:02,ABC,0
22/04/24,9:16:03,ABC,8758
22/04/24,9:16:04,ABC,0
22/04/24,9:16:05,ABC,0
22/04/24,9:16:06,ABC,2225
22/04/24,9:16:07,ABC,962
22/04/24,9:16:08,ABC,711
22/04/24,9:16:09,ABC,1965
22/04/24,9:16:10,ABC,1746
22/04/24,9:16:11,ABC,412
22/04/24,9:16:12,ABC,1562
22/04/24,9:16:13,ABC,1073
22/04/24,9:16:14,ABC,1261
22/04/24,9:16:15,ABC,21
22/04/24,9:16:16,ABC,1799
22/04/24,9:16:17,ABC,2955
22/04/24,9:16:18,ABC,1580
22/04/24,9:16:19,ABC,650
22/04/24,9:16:20,ABC,1191
22/04/24,9:16:21,ABC,1040
22/04/24,9:16:22,ABC,1534
22/04/24,9:16:23,ABC,1137
22/04/24,9:16:24,ABC,767
22/04/24,9:16:25,ABC,1654
22/04/24,9:16:26,ABC,288
22/04/24,9:16:27,ABC,260
22/04/24,9:16:28,ABC,2904
22/04/24,9:16:29,ABC,3685
22/04/24,9:16:30,ABC,1218
22/04/24,9:16:31,ABC,1388
22/04/24,9:16:32,ABC,4377
22/04/24,9:16:33,ABC,680
22/04/24,9:16:34,ABC,524
22/04/24,9:16:35,ABC,1495
22/04/24,9:16:36,ABC,205
22/04/24,9:16:37,ABC,7470
22/04/24,9:16:38,ABC,150
22/04/24,9:16:39,ABC,623
22/04/24,9:16:40,ABC,176
22/04/24,9:16:41,ABC,536
22/04/24,9:16:42,ABC,1052
22/04/24,9:16:43,ABC,1548
22/04/24,9:16:44,ABC,316
22/04/24,9:16:45,ABC,2655
22/04/24,9:16:46,ABC,1915
22/04/24,9:16:47,ABC,716
22/04/24,9:16:48,ABC,2325
22/04/24,9:16:49,ABC,1000
22/04/24,9:16:50,ABC,105
22/04/24,9:16:51,ABC,104
22/04/24,9:16:52,ABC,1056
22/04/24,9:16:53,ABC,15
22/04/24,9:16:54,ABC,1189
22/04/24,9:16:55,ABC,200
22/04/24,9:16:56,ABC,57
22/04/24,9:16:57,ABC,366
22/04/24,9:16:58,ABC,150
22/04/24,9:16:59,ABC,40
22/04/24,9:17:00,ABC,212
22/04/24,9:17:01,ABC,1711
22/04/24,9:17:02,ABC,101
22/04/24,9:17:03,ABC,560
22/04/24,9:17:04,ABC,5564
22/04/24,9:17:05,ABC,0
22/04/24,9:17:06,ABC,480
22/04/24,9:17:07,ABC,51
22/04/24,9:17:08,ABC,0
22/04/24,9:17:09,ABC,1386
22/04/24,9:17:10,ABC,322
22/04/24,9:17:11,ABC,5925
22/04/24,9:17:12,ABC,4280
22/04/24,9:17:13,ABC,743
22/04/24,9:17:14,ABC,99
22/04/24,9:17:15,ABC,0
22/04/24,9:17:16,ABC,657
22/04/24,9:17:17,ABC,3606
22/04/24,9:17:18,ABC,1338
22/04/24,9:17:19,ABC,727
22/04/24,9:17:20,ABC,1860
22/04/24,9:17:21,ABC,1198
22/04/24,9:17:22,ABC,1275
22/04/24,9:17:23,ABC,2263
22/04/24,9:17:24,ABC,1673
22/04/24,9:17:25,ABC,965
22/04/24,9:17:26,ABC,1886
22/04/24,9:17:27,ABC,1011
22/04/24,9:17:28,ABC,540
22/04/24,9:17:29,ABC,351
22/04/24,9:17:30,ABC,11136
22/04/24,9:17:31,ABC,40
22/04/24,9:17:32,ABC,2604
22/04/24,9:17:33,ABC,520
22/04/24,9:17:34,ABC,378
22/04/24,9:17:35,ABC,862
22/04/24,9:17:36,ABC,1090
22/04/24,9:17:37,ABC,660
22/04/24,9:17:38,ABC,135
22/04/24,9:17:39,ABC,824
22/04/24,9:17:40,ABC,767
22/04/24,9:17:41,ABC,285
22/04/24,9:17:42,ABC,5992
22/04/24,9:17:43,ABC,116
22/04/24,9:17:44,ABC,1275
22/04/24,9:17:45,ABC,521
22/04/24,9:17:46,ABC,754
22/04/24,9:17:47,ABC,429
22/04/24,9:17:48,ABC,7
22/04/24,9:17:49,ABC,1307
22/04/24,9:17:50,ABC,310
22/04/24,9:17:51,ABC,2097
22/04/24,9:17:52,ABC,182
22/04/24,9:17:53,ABC,17
22/04/24,9:17:54,ABC,310
22/04/24,9:17:55,ABC,321
22/04/24,9:17:56,ABC,1042
22/04/24,9:17:57,ABC,220
22/04/24,9:17:58,ABC,11896
22/04/24,9:17:59,ABC,1360
22/04/24,9:18:00,ABC,16
22/04/24,9:18:01,ABC,2070
22/04/24,9:18:02,ABC,286
22/04/24,9:18:03,ABC,22037
22/04/24,9:18:04,ABC,399
22/04/24,9:18:05,ABC,4147
22/04/24,9:18:06,ABC,0
22/04/24,9:18:07,ABC,1760
22/04/24,9:18:08,ABC,318
22/04/24,9:18:09,ABC,340
22/04/24,9:18:10,ABC,124
22/04/24,9:18:11,ABC,291
22/04/24,9:18:12,ABC,222
22/04/24,9:18:13,ABC,100
22/04/24,9:18:14,ABC,1264
22/04/24,9:18:15,ABC,1422
22/04/24,9:18:16,ABC,487
22/04/24,9:18:17,ABC,379
22/04/24,9:18:18,ABC,1052
22/04/24,9:18:19,ABC,296
22/04/24,9:18:20,ABC,435
22/04/24,9:18:21,ABC,514
22/04/24,9:18:22,ABC,55
22/04/24,9:18:23,ABC,4607
22/04/24,9:18:24,ABC,531
22/04/24,9:18:25,ABC,1239
22/04/24,9:18:26,ABC,581
22/04/24,9:18:27,ABC,541
22/04/24,9:18:28,ABC,400
22/04/24,9:18:29,ABC,321
22/04/24,9:18:30,ABC,1128
22/04/24,9:18:31,ABC,1631
22/04/24,9:18:32,ABC,859
22/04/24,9:18:33,ABC,1017
22/04/24,9:18:34,ABC,476
22/04/24,9:18:35,ABC,632
22/04/24,9:18:36,ABC,1761
22/04/24,9:18:37,ABC,528
22/04/24,9:18:38,ABC,1054
22/04/24,9:18:39,ABC,360
22/04/24,9:18:40,ABC,593
22/04/24,9:18:41,ABC,3529
22/04/24,9:18:42,ABC,370
22/04/24,9:18:43,ABC,4248
22/04/24,9:18:44,ABC,2526
22/04/24,9:18:45,ABC,278
22/04/24,9:18:46,ABC,479
22/04/24,9:18:47,ABC,140
22/04/24,9:18:48,ABC,736
22/04/24,9:18:49,ABC,309
22/04/24,9:18:50,ABC,453
22/04/24,9:18:51,ABC,770
22/04/24,9:18:52,ABC,72
22/04/24,9:18:53,ABC,732
22/04/24,9:18:54,ABC,252
22/04/24,9:18:55,ABC,100
22/04/24,9:18:56,ABC,701
22/04/24,9:18:57,ABC,1694
22/04/24,9:18:58,ABC,846
22/04/24,9:18:59,ABC,823
22/04/24,9:19:00,ABC,493
22/04/24,9:19:01,ABC,530
22/04/24,9:19:02,ABC,470
22/04/24,9:19:03,ABC,328
22/04/24,9:19:04,ABC,157
22/04/24,9:19:05,ABC,0
22/04/24,9:19:06,ABC,132
22/04/24,9:19:07,ABC,5
22/04/24,9:19:08,ABC,4672
22/04/24,9:19:09,ABC,249
22/04/24,9:19:10,ABC,4714
22/04/24,9:19:11,ABC,849
22/04/24,9:19:12,ABC,1358
22/04/24,9:19:13,ABC,13909
22/04/24,9:19:14,ABC,450
22/04/24,9:19:15,ABC,968
22/04/24,9:19:16,ABC,128
22/04/24,9:19:17,ABC,220
22/04/24,9:19:18,ABC,295
22/04/24,9:19:19,ABC,3
22/04/24,9:19:20,ABC,27
22/04/24,9:19:21,ABC,122
22/04/24,9:19:22,ABC,239
22/04/24,9:19:23,ABC,560
22/04/24,9:19:24,ABC,683
22/04/24,9:19:25,ABC,230
22/04/24,9:19:26,ABC,1522
22/04/24,9:19:27,ABC,772
22/04/24,9:19:28,ABC,2716
22/04/24,9:19:29,ABC,100
22/04/24,9:19:30,ABC,592
22/04/24,9:19:31,ABC,108
22/04/24,9:19:32,ABC,8279
22/04/24,9:19:33,ABC,750
22/04/24,9:19:34,ABC,0
22/04/24,9:19:35,ABC,4105
22/04/24,9:19:36,ABC,281
22/04/24,9:19:37,ABC,323
22/04/24,9:19:38,ABC,20
22/04/24,9:19:39,ABC,1336
22/04/24,9:19:40,ABC,21
22/04/24,9:19:41,ABC,48
22/04/24,9:19:42,ABC,113
22/04/24,9:19:43,ABC,425
22/04/24,9:19:44,ABC,355
22/04/24,9:19:45,ABC,730
22/04/24,9:19:46,ABC,105
22/04/24,9:19:47,ABC,1
22/04/24,9:19:48,ABC,2450
22/04/24,9:19:49,ABC,20
22/04/24,9:19:50,ABC,24
22/04/24,9:19:51,ABC,39
22/04/24,9:19:52,ABC,115
22/04/24,9:19:53,ABC,54
22/04/24,9:19:54,ABC,406
22/04/24,9:19:55,ABC,100
22/04/24,9:19:56,ABC,3
22/04/24,9:19:57,ABC,2486
22/04/24,9:19:58,ABC,250
22/04/24,9:19:59,ABC,10
22/04/24,9:20:00,ABC,7
22/04/24,9:20:01,ABC,6
22/04/24,9:20:02,ABC,198
22/04/24,9:20:03,ABC,203
22/04/24,9:20:04,ABC,143
22/04/24,9:20:05,ABC,0
22/04/24,9:20:06,ABC,216
22/04/24,9:20:07,ABC,0
22/04/24,9:20:08,ABC,210
22/04/24,9:20:09,ABC,353
22/04/24,9:20:10,ABC,6
22/04/24,9:20:11,ABC,3492
22/04/24,9:20:12,ABC,813
22/04/24,9:20:13,ABC,2160
22/04/24,9:20:14,ABC,527
22/04/24,9:20:15,ABC,300
22/04/24,9:20:16,ABC,237
22/04/24,9:20:17,ABC,4486
22/04/24,9:20:18,ABC,0
22/04/24,9:20:19,ABC,578
22/04/24,9:20:20,ABC,571
22/04/24,9:20:21,ABC,4902
22/04/24,9:20:22,ABC,9292
22/04/24,9:20:23,ABC,111
22/04/24,9:20:24,ABC,10
22/04/24,9:20:25,ABC,4331
22/04/24,9:20:26,ABC,540
22/04/24,9:20:27,ABC,567
22/04/24,9:20:28,ABC,0
22/04/24,9:20:29,ABC,510
22/04/24,9:20:30,ABC,8
22/04/24,9:20:31,ABC,238
22/04/24,9:20:32,ABC,80
22/04/24,9:20:33,ABC,177
22/04/24,9:20:34,ABC,1011
22/04/24,9:20:35,ABC,5
22/04/24,9:20:36,ABC,0
22/04/24,9:20:37,ABC,16460
22/04/24,9:20:38,ABC,971
22/04/24,9:20:39,ABC,4054
22/04/24,9:20:40,ABC,112
22/04/24,9:20:41,ABC,113
22/04/24,9:20:42,ABC,2
22/04/24,9:20:43,ABC,199
22/04/24,9:20:44,ABC,38
22/04/24,9:20:45,ABC,517
22/04/24,9:20:46,ABC,0
22/04/24,9:20:47,ABC,5501
22/04/24,9:20:48,ABC,16506
22/04/24,9:20:49,ABC,1
22/04/24,9:20:50,ABC,3798
22/04/24,9:20:51,ABC,285
22/04/24,9:20:52,ABC,1448
22/04/24,9:20:53,ABC,293
22/04/24,9:20:54,ABC,1353
22/04/24,9:20:55,ABC,935
22/04/24,9:20:56,ABC,134
22/04/24,9:20:57,ABC,420
22/04/24,9:20:58,ABC,2209
22/04/24,9:20:59,ABC,46
22/04/24,9:21:00,ABC,289
22/04/24,9:21:01,ABC,383
22/04/24,9:21:02,ABC,125
22/04/24,9:21:03,ABC,383
22/04/24,9:21:04,ABC,0
22/04/24,9:21:05,ABC,53
22/04/24,9:21:06,ABC,525
22/04/24,9:21:07,ABC,57
22/04/24,9:21:08,ABC,236
22/04/24,9:21:09,ABC,103
22/04/24,9:21:10,ABC,286
22/04/24,9:21:11,ABC,1
22/04/24,9:21:12,ABC,163
22/04/24,9:21:13,ABC,397
22/04/24,9:21:14,ABC,434
22/04/24,9:21:15,ABC,48
22/04/24,9:21:16,ABC,250
22/04/24,9:21:17,ABC,110
22/04/24,9:21:18,ABC,669
22/04/24,9:21:19,ABC,126
22/04/24,9:21:20,ABC,94
22/04/24,9:21:21,ABC,229
22/04/24,9:21:22,ABC,230
22/04/24,9:21:23,ABC,405
22/04/24,9:21:24,ABC,0
22/04/24,9:21:25,ABC,60
22/04/24,9:21:26,ABC,31
22/04/24,9:21:27,ABC,1031
22/04/24,9:21:28,ABC,350
22/04/24,9:21:29,ABC,504
22/04/24,9:21:30,ABC,298
22/04/24,9:21:31,ABC,320
22/04/24,9:21:32,ABC,20
22/04/24,9:21:33,ABC,1769
22/04/24,9:21:34,ABC,70
22/04/24,9:21:35,ABC,0
22/04/24,9:21:36,ABC,323
22/04/24,9:21:37,ABC,1
22/04/24,9:21:38,ABC,233
22/04/24,9:21:39,ABC,566
22/04/24,9:21:40,ABC,190
22/04/24,9:21:41,ABC,157
22/04/24,9:21:42,ABC,0
22/04/24,9:21:43,ABC,411
22/04/24,9:21:44,ABC,0
22/04/24,9:21:45,ABC,1176
22/04/24,9:21:46,ABC,0
22/04/24,9:21:47,ABC,11
22/04/24,9:21:48,ABC,2
22/04/24,9:21:49,ABC,0
22/04/24,9:21:50,ABC,75
22/04/24,9:21:51,ABC,0
22/04/24,9:21:52,ABC,527
22/04/24,9:21:53,ABC,25
22/04/24,9:21:54,ABC,34
22/04/24,9:21:55,ABC,3818
22/04/24,9:21:56,ABC,10
22/04/24,9:21:57,ABC,105
22/04/24,9:21:58,ABC,236
22/04/24,9:21:59,ABC,25
22/04/24,9:22:00,ABC,10
22/04/24,9:22:01,ABC,1451
22/04/24,9:22:02,ABC,82
22/04/24,9:22:03,ABC,86
22/04/24,9:22:04,ABC,1
22/04/24,9:22:05,ABC,56
22/04/24,9:22:06,ABC,5
22/04/24,9:22:07,ABC,100
22/04/24,9:22:08,ABC,28
22/04/24,9:22:09,ABC,2025
22/04/24,9:22:10,ABC,174
22/04/24,9:22:11,ABC,519
22/04/24,9:22:12,ABC,81
22/04/24,9:22:13,ABC,245
22/04/24,9:22:14,ABC,55
22/04/24,9:22:15,ABC,561
22/04/24,9:22:16,ABC,100
22/04/24,9:22:17,ABC,220
22/04/24,9:22:18,ABC,420
22/04/24,9:22:19,ABC,58
22/04/24,9:22:20,ABC,0
22/04/24,9:22:21,ABC,170
22/04/24,9:22:22,ABC,56
22/04/24,9:22:23,ABC,143
22/04/24,9:22:24,ABC,586
22/04/24,9:22:25,ABC,41
22/04/24,9:22:26,ABC,80
22/04/24,9:22:27,ABC,15
22/04/24,9:22:28,ABC,15
22/04/24,9:22:29,ABC,1120
22/04/24,9:22:30,ABC,45
22/04/24,9:22:31,ABC,9
22/04/24,9:22:32,ABC,0
22/04/24,9:22:33,ABC,500
22/04/24,9:22:34,ABC,99
22/04/24,9:22:35,ABC,400
22/04/24,9:22:36,ABC,108
22/04/24,9:22:37,ABC,0
22/04/24,9:22:38,ABC,230
22/04/24,9:22:39,ABC,25
22/04/24,9:22:40,ABC,55
22/04/24,9:22:41,ABC,2
22/04/24,9:22:42,ABC,52
22/04/24,9:22:43,ABC,1061
22/04/24,9:22:44,ABC,20
22/04/24,9:22:45,ABC,88
22/04/24,9:22:46,ABC,0
22/04/24,9:22:47,ABC,5
22/04/24,9:22:48,ABC,1060
22/04/24,9:22:49,ABC,205
22/04/24,9:22:50,ABC,0
22/04/24,9:22:51,ABC,101
22/04/24,9:22:52,ABC,33
22/04/24,9:22:53,ABC,174
22/04/24,9:22:54,ABC,27
22/04/24,9:22:55,ABC,211
22/04/24,9:22:56,ABC,750
22/04/24,9:22:57,ABC,49
22/04/24,9:22:58,ABC,50
22/04/24,9:22:59,ABC,0
22/04/24,9:23:00,ABC,1
22/04/24,9:23:01,ABC,10
22/04/24,9:23:02,ABC,0
22/04/24,9:23:03,ABC,955
22/04/24,9:23:04,ABC,29424
22/04/24,9:23:05,ABC,694
22/04/24,9:23:06,ABC,1356
22/04/24,9:23:07,ABC,456
22/04/24,9:23:08,ABC,40
22/04/24,9:23:09,ABC,0
22/04/24,9:23:10,ABC,323
22/04/24,9:23:11,ABC,196
22/04/24,9:23:12,ABC,0
22/04/24,9:23:13,ABC,2651
22/04/24,9:23:14,ABC,87
22/04/24,9:23:15,ABC,2919
22/04/24,9:23:16,ABC,30
22/04/24,9:23:17,ABC,0
22/04/24,9:23:18,ABC,26
22/04/24,9:23:19,ABC,259
22/04/24,9:23:20,ABC,101
22/04/24,9:23:21,ABC,1451
22/04/24,9:23:22,ABC,211
22/04/24,9:23:23,ABC,200
22/04/24,9:23:24,ABC,125
22/04/24,9:23:25,ABC,65
22/04/24,9:23:26,ABC,109
22/04/24,9:23:27,ABC,409
22/04/24,9:23:28,ABC,111
22/04/24,9:23:29,ABC,1
22/04/24,9:23:30,ABC,1029
22/04/24,9:23:31,ABC,0
22/04/24,9:23:32,ABC,50
22/04/24,9:23:33,ABC,350
22/04/24,9:23:34,ABC,0
22/04/24,9:23:35,ABC,0
22/04/24,9:23:36,ABC,25
22/04/24,9:23:37,ABC,25
22/04/24,9:23:38,ABC,536
22/04/24,9:23:39,ABC,108
22/04/24,9:23:40,ABC,198
22/04/24,9:23:41,ABC,86
22/04/24,9:23:42,ABC,160
22/04/24,9:23:43,ABC,0
22/04/24,9:23:44,ABC,21
22/04/24,9:23:45,ABC,1
22/04/24,9:23:46,ABC,366
22/04/24,9:23:47,ABC,13
22/04/24,9:23:48,ABC,785
22/04/24,9:23:49,ABC,100
22/04/24,9:23:50,ABC,1083
22/04/24,9:23:51,ABC,56
22/04/24,9:23:52,ABC,100
22/04/24,9:23:53,ABC,25
22/04/24,9:23:54,ABC,168
22/04/24,9:23:55,ABC,101
22/04/24,9:23:56,ABC,14
22/04/24,9:23:57,ABC,0
22/04/24,9:23:58,ABC,109
22/04/24,9:23:59,ABC,0
22/04/24,9:24:00,ABC,702
22/04/24,9:24:01,ABC,140
22/04/24,9:24:02,ABC,133
22/04/24,9:24:03,ABC,80
22/04/24,9:24:04,ABC,971
22/04/24,9:24:05,ABC,0
22/04/24,9:24:06,ABC,489
22/04/24,9:24:07,ABC,25
22/04/24,9:24:08,ABC,10
22/04/24,9:24:09,ABC,118
22/04/24,9:24:10,ABC,150
22/04/24,9:24:11,ABC,15
22/04/24,9:24:12,ABC,3
22/04/24,9:24:13,ABC,0
22/04/24,9:24:14,ABC,1000
22/04/24,9:24:15,ABC,11195
22/04/24,9:24:16,ABC,170
22/04/24,9:24:17,ABC,170
22/04/24,9:24:18,ABC,102
22/04/24,9:24:19,ABC,20
22/04/24,9:24:20,ABC,12207
22/04/24,9:24:21,ABC,584
22/04/24,9:24:22,ABC,375
22/04/24,9:24:23,ABC,0
22/04/24,9:24:24,ABC,135
22/04/24,9:24:25,ABC,574
22/04/24,9:24:26,ABC,177
22/04/24,9:24:27,ABC,396
22/04/24,9:24:28,ABC,734
22/04/24,9:24:29,ABC,112
22/04/24,9:24:30,ABC,71
22/04/24,9:24:31,ABC,6
22/04/24,9:24:32,ABC,0
22/04/24,9:24:33,ABC,4125
22/04/24,9:24:34,ABC,66
22/04/24,9:24:35,ABC,29
22/04/24,9:24:36,ABC,307
22/04/24,9:24:37,ABC,483
22/04/24,9:24:38,ABC,10
22/04/24,9:24:39,ABC,22
22/04/24,9:24:40,ABC,148
22/04/24,9:24:41,ABC,55
22/04/24,9:24:42,ABC,33
22/04/24,9:24:43,ABC,244
22/04/24,9:24:44,ABC,136
22/04/24,9:24:45,ABC,120
22/04/24,9:24:46,ABC,55
22/04/24,9:24:47,ABC,0
22/04/24,9:24:48,ABC,0
22/04/24,9:24:49,ABC,0
22/04/24,9:24:50,ABC,15
22/04/24,9:24:51,ABC,0
22/04/24,9:24:52,ABC,150
22/04/24,9:24:53,ABC,200
22/04/24,9:24:54,ABC,0
22/04/24,9:24:55,ABC,115
22/04/24,9:24:56,ABC,0
22/04/24,9:24:57,ABC,10
22/04/24,9:24:58,ABC,0
22/04/24,9:24:59,ABC,6
22/04/24,9:25:00,ABC,0
22/04/24,9:25:01,ABC,2404
22/04/24,9:25:02,ABC,256
22/04/24,9:25:03,ABC,0
22/04/24,9:25:04,ABC,21
22/04/24,9:25:05,ABC,10
22/04/24,9:25:06,ABC,18
22/04/24,9:25:07,ABC,70
22/04/24,9:25:08,ABC,505
22/04/24,9:25:09,ABC,19
22/04/24,9:25:10,ABC,66
22/04/24,9:25:11,ABC,101
22/04/24,9:25:12,ABC,250
22/04/24,9:25:13,ABC,0
22/04/24,9:25:14,ABC,765
22/04/24,9:25:15,ABC,0
22/04/24,9:25:16,ABC,1400
22/04/24,9:25:17,ABC,2
22/04/24,9:25:18,ABC,135
22/04/24,9:25:19,ABC,102
22/04/24,9:25:20,ABC,505
22/04/24,9:25:21,ABC,10
22/04/24,9:25:22,ABC,311
22/04/24,9:25:23,ABC,8
22/04/24,9:25:24,ABC,0
22/04/24,9:25:25,ABC,51
22/04/24,9:25:26,ABC,0
22/04/24,9:25:27,ABC,10
22/04/24,9:25:28,ABC,500
22/04/24,9:25:29,ABC,10
22/04/24,9:25:30,ABC,196
22/04/24,9:25:31,ABC,30
22/04/24,9:25:32,ABC,952
22/04/24,9:25:33,ABC,1
22/04/24,9:25:34,ABC,47
22/04/24,9:25:35,ABC,100
22/04/24,9:25:36,ABC,7
22/04/24,9:25:37,ABC,71
22/04/24,9:25:38,ABC,10
22/04/24,9:25:39,ABC,0
22/04/24,9:25:40,ABC,671
22/04/24,9:25:41,ABC,1
22/04/24,9:25:42,ABC,180
22/04/24,9:25:43,ABC,501
22/04/24,9:25:44,ABC,11
22/04/24,9:25:45,ABC,3
22/04/24,9:25:46,ABC,0
22/04/24,9:25:47,ABC,26
22/04/24,9:25:48,ABC,8
22/04/24,9:25:49,ABC,0
22/04/24,9:25:50,ABC,0
22/04/24,9:25:51,ABC,100
22/04/24,9:25:52,ABC,100
22/04/24,9:25:53,ABC,163
22/04/24,9:25:54,ABC,0
22/04/24,9:25:55,ABC,150
22/04/24,9:25:56,ABC,131
22/04/24,9:25:57,ABC,126
22/04/24,9:25:58,ABC,0
22/04/24,9:25:59,ABC,5003
22/04/24,9:26:00,ABC,105
22/04/24,9:26:01,ABC,811
22/04/24,9:26:02,ABC,114
22/04/24,9:26:03,ABC,0
22/04/24,9:26:04,ABC,181
22/04/24,9:26:05,ABC,1181
22/04/24,9:26:06,ABC,175
22/04/24,9:26:07,ABC,268
22/04/24,9:26:08,ABC,26
22/04/24,9:26:09,ABC,511
22/04/24,9:26:10,ABC,40
22/04/24,9:26:11,ABC,237
22/04/24,9:26:12,ABC,1
22/04/24,9:26:13,ABC,55
22/04/24,9:26:14,ABC,200
22/04/24,9:26:15,ABC,21
22/04/24,9:26:16,ABC,358
22/04/24,9:26:17,ABC,110
22/04/24,9:26:18,ABC,15
22/04/24,9:26:19,ABC,200
22/04/24,9:26:20,ABC,595
22/04/24,9:26:21,ABC,250
22/04/24,9:26:22,ABC,580
22/04/24,9:26:23,ABC,184
22/04/24,9:26:24,ABC,284
22/04/24,9:26:25,ABC,879
22/04/24,9:26:26,ABC,68
22/04/24,9:26:27,ABC,2
22/04/24,9:26:28,ABC,210
22/04/24,9:26:29,ABC,25
22/04/24,9:26:30,ABC,160
22/04/24,9:26:31,ABC,30
22/04/24,9:26:32,ABC,11
22/04/24,9:26:33,ABC,78
22/04/24,9:26:34,ABC,768
22/04/24,9:26:35,ABC,3482
22/04/24,9:26:36,ABC,135
22/04/24,9:26:37,ABC,118
22/04/24,9:26:38,ABC,240
22/04/24,9:26:39,ABC,67
22/04/24,9:26:40,ABC,1704
22/04/24,9:26:41,ABC,25
22/04/24,9:26:42,ABC,65
22/04/24,9:26:43,ABC,45
22/04/24,9:26:44,ABC,10
22/04/24,9:26:45,ABC,0
22/04/24,9:26:46,ABC,1338
22/04/24,9:26:47,ABC,116
22/04/24,9:26:48,ABC,53
22/04/24,9:26:49,ABC,5
22/04/24,9:26:50,ABC,2
22/04/24,9:26:51,ABC,151
22/04/24,9:26:52,ABC,412
22/04/24,9:26:53,ABC,552
22/04/24,9:26:54,ABC,75
22/04/24,9:26:55,ABC,0
22/04/24,9:26:56,ABC,7
22/04/24,9:26:57,ABC,41
22/04/24,9:26:58,ABC,5
22/04/24,9:26:59,ABC,25
22/04/24,9:27:00,ABC,0
22/04/24,9:27:01,ABC,200
22/04/24,9:27:02,ABC,0
22/04/24,9:27:03,ABC,30
22/04/24,9:27:04,ABC,319
22/04/24,9:27:05,ABC,9
22/04/24,9:27:06,ABC,6
22/04/24,9:27:07,ABC,300
22/04/24,9:27:08,ABC,5569
22/04/24,9:27:09,ABC,28
22/04/24,9:27:10,ABC,105
22/04/24,9:27:11,ABC,200
22/04/24,9:27:12,ABC,89
22/04/24,9:27:13,ABC,91
22/04/24,9:27:14,ABC,85
22/04/24,9:27:15,ABC,61
22/04/24,9:27:16,ABC,127
22/04/24,9:27:17,ABC,478
22/04/24,9:27:18,ABC,2450
22/04/24,9:27:19,ABC,2
22/04/24,9:27:20,ABC,2322
22/04/24,9:27:21,ABC,2239
22/04/24,9:27:22,ABC,103
22/04/24,9:27:23,ABC,2005
22/04/24,9:27:24,ABC,2
22/04/24,9:27:25,ABC,2158
22/04/24,9:27:26,ABC,208
22/04/24,9:27:27,ABC,0
22/04/24,9:27:28,ABC,218
22/04/24,9:27:29,ABC,1360
22/04/24,9:27:30,ABC,3100
22/04/24,9:27:31,ABC,688
22/04/24,9:27:32,ABC,0
22/04/24,9:27:33,ABC,340
22/04/24,9:27:34,ABC,1635
22/04/24,9:27:35,ABC,193
22/04/24,9:27:36,ABC,101
22/04/24,9:27:37,ABC,579
22/04/24,9:27:38,ABC,561
22/04/24,9:27:39,ABC,111
22/04/24,9:27:40,ABC,77
22/04/24,9:27:41,ABC,0
22/04/24,9:27:42,ABC,2173
22/04/24,9:27:43,ABC,1194
22/04/24,9:27:44,ABC,118
22/04/24,9:27:45,ABC,279
22/04/24,9:27:46,ABC,80
22/04/24,9:27:47,ABC,622
22/04/24,9:27:48,ABC,125
22/04/24,9:27:49,ABC,245
22/04/24,9:27:50,ABC,703
22/04/24,9:27:51,ABC,723
22/04/24,9:27:52,ABC,0
22/04/24,9:27:53,ABC,96
22/04/24,9:27:54,ABC,123
22/04/24,9:27:55,ABC,197
22/04/24,9:27:56,ABC,500
22/04/24,9:27:57,ABC,334
22/04/24,9:27:58,ABC,337
22/04/24,9:27:59,ABC,615
22/04/24,9:28:00,ABC,13
22/04/24,9:28:01,ABC,402
22/04/24,9:28:02,ABC,1479
22/04/24,9:28:03,ABC,70
22/04/24,9:28:04,ABC,1298
22/04/24,9:28:05,ABC,0
22/04/24,9:28:06,ABC,20
22/04/24,9:28:07,ABC,316
22/04/24,9:28:08,ABC,500
22/04/24,9:28:09,ABC,27
22/04/24,9:28:10,ABC,80
22/04/24,9:28:11,ABC,7145
22/04/24,9:28:12,ABC,225
22/04/24,9:28:13,ABC,50
22/04/24,9:28:14,ABC,205
22/04/24,9:28:15,ABC,0
22/04/24,9:28:16,ABC,255
22/04/24,9:28:17,ABC,843
22/04/24,9:28:18,ABC,0
22/04/24,9:28:19,ABC,32
22/04/24,9:28:20,ABC,1
22/04/24,9:28:21,ABC,0
22/04/24,9:28:22,ABC,306
22/04/24,9:28:23,ABC,1
22/04/24,9:28:24,ABC,0
22/04/24,9:28:25,ABC,0
22/04/24,9:28:26,ABC,21
22/04/24,9:28:27,ABC,2
22/04/24,9:28:28,ABC,688
22/04/24,9:28:29,ABC,1
22/04/24,9:28:30,ABC,350
22/04/24,9:28:31,ABC,4835
22/04/24,9:28:32,ABC,9
22/04/24,9:28:33,ABC,147
22/04/24,9:28:34,ABC,277
22/04/24,9:28:35,ABC,794
22/04/24,9:28:36,ABC,133
22/04/24,9:28:37,ABC,355
22/04/24,9:28:38,ABC,2
22/04/24,9:28:39,ABC,0
22/04/24,9:28:40,ABC,556
22/04/24,9:28:41,ABC,802
22/04/24,9:28:42,ABC,0
22/04/24,9:28:43,ABC,6517
22/04/24,9:28:44,ABC,495
22/04/24,9:28:45,ABC,59
22/04/24,9:28:46,ABC,126
22/04/24,9:28:47,ABC,615
22/04/24,9:28:48,ABC,0
22/04/24,9:28:49,ABC,234
22/04/24,9:28:50,ABC,0
22/04/24,9:28:51,ABC,40
22/04/24,9:28:52,ABC,2715
22/04/24,9:28:53,ABC,129
22/04/24,9:28:54,ABC,118
22/04/24,9:28:55,ABC,124
22/04/24,9:28:56,ABC,1
22/04/24,9:28:57,ABC,142
22/04/24,9:28:58,ABC,40
22/04/24,9:28:59,ABC,0
22/04/24,9:29:00,ABC,10
22/04/24,9:29:01,ABC,0
22/04/24,9:29:02,ABC,300
22/04/24,9:29:03,ABC,55
22/04/24,9:29:04,ABC,35
22/04/24,9:29:05,ABC,1000
22/04/24,9:29:06,ABC,416
22/04/24,9:29:07,ABC,18
22/04/24,9:29:08,ABC,0
22/04/24,9:29:09,ABC,35
22/04/24,9:29:10,ABC,2
22/04/24,9:29:11,ABC,242
22/04/24,9:29:12,ABC,400
22/04/24,9:29:13,ABC,146
22/04/24,9:29:14,ABC,28
22/04/24,9:29:15,ABC,60
22/04/24,9:29:16,ABC,1732
22/04/24,9:29:17,ABC,350
22/04/24,9:29:18,ABC,0
22/04/24,9:29:19,ABC,0
22/04/24,9:29:20,ABC,33
22/04/24,9:29:21,ABC,496
22/04/24,9:29:22,ABC,0
22/04/24,9:29:23,ABC,46
22/04/24,9:29:24,ABC,200
22/04/24,9:29:25,ABC,0
22/04/24,9:29:26,ABC,0
22/04/24,9:29:27,ABC,14
22/04/24,9:29:28,ABC,50
22/04/24,9:29:29,ABC,0
22/04/24,9:29:30,ABC,21
22/04/24,9:29:31,ABC,66
22/04/24,9:29:32,ABC,0
22/04/24,9:29:33,ABC,645
22/04/24,9:29:34,ABC,0
22/04/24,9:29:35,ABC,2155
22/04/24,9:29:36,ABC,217
22/04/24,9:29:37,ABC,17
22/04/24,9:29:38,ABC,200
22/04/24,9:29:39,ABC,3
22/04/24,9:29:40,ABC,1
22/04/24,9:29:41,ABC,69
22/04/24,9:29:42,ABC,1
22/04/24,9:29:43,ABC,2
22/04/24,9:29:44,ABC,377
22/04/24,9:29:45,ABC,0
22/04/24,9:29:46,ABC,151
22/04/24,9:29:47,ABC,116
22/04/24,9:29:48,ABC,17
22/04/24,9:29:49,ABC,227
22/04/24,9:29:50,ABC,2
22/04/24,9:29:51,ABC,120
22/04/24,9:29:52,ABC,105
22/04/24,9:29:53,ABC,0
22/04/24,9:29:54,ABC,190
22/04/24,9:29:55,ABC,0
22/04/24,9:29:56,ABC,0
22/04/24,9:29:57,ABC,10
22/04/24,9:29:58,ABC,7
22/04/24,9:29:59,ABC,0
22/04/24,9:30:00,ABC,42
22/04/24,9:30:01,ABC,0
22/04/24,9:30:02,ABC,0
22/04/24,9:30:03,ABC,69
22/04/24,9:30:04,ABC,23
22/04/24,9:30:05,ABC,0
22/04/24,9:30:06,ABC,0
22/04/24,9:30:07,ABC,0
22/04/24,9:30:08,ABC,0
22/04/24,9:30:09,ABC,0
22/04/24,9:30:10,ABC,0
22/04/24,9:30:11,ABC,0
22/04/24,9:30:12,ABC,0
22/04/24,9:30:13,ABC,5914
22/04/24,9:30:14,ABC,0
22/04/24,9:30:15,ABC,0
22/04/24,9:30:16,ABC,0
22/04/24,9:30:17,ABC,0
22/04/24,9:30:18,ABC,0
22/04/24,9:30:19,ABC,0
22/04/24,9:30:20,ABC,0
22/04/24,9:30:21,ABC,0
22/04/24,9:30:22,ABC,1361
22/04/24,9:30:23,ABC,0
22/04/24,9:30:24,ABC,0
22/04/24,9:30:25,ABC,0
22/04/24,9:30:26,ABC,0
22/04/24,9:30:27,ABC,0
22/04/24,9:30:28,ABC,0
22/04/24,9:30:29,ABC,0
22/04/24,9:30:30,ABC,7047
22/04/24,9:30:31,ABC,0
22/04/24,9:30:32,ABC,0
22/04/24,9:30:33,ABC,0
22/04/24,9:30:34,ABC,0
22/04/24,9:30:35,ABC,0
22/04/24,9:30:36,ABC,0
22/04/24,9:30:37,ABC,0
22/04/24,9:30:38,ABC,2032
22/04/24,9:30:39,ABC,0
22/04/24,9:30:40,ABC,0
22/04/24,9:30:41,ABC,0
22/04/24,9:30:42,ABC,0
22/04/24,9:30:43,ABC,0
22/04/24,9:30:44,ABC,0
22/04/24,9:30:45,ABC,0
22/04/24,9:30:46,ABC,6673
22/04/24,9:30:47,ABC,0
22/04/24,9:30:48,ABC,0
22/04/24,9:30:49,ABC,0
22/04/24,9:30:50,ABC,0
22/04/24,9:30:51,ABC,0
22/04/24,9:30:52,ABC,0
22/04/24,9:30:53,ABC,353
22/04/24,9:30:54,ABC,0
22/04/24,9:30:55,ABC,0
22/04/24,9:30:56,ABC,0
22/04/24,9:30:57,ABC,0
22/04/24,9:30:58,ABC,0
22/04/24,9:30:59,ABC,0
22/04/24,9:31:00,ABC,0
22/04/24,9:31:01,ABC,444
22/04/24,9:31:02,ABC,0
22/04/24,9:31:03,ABC,0
22/04/24,9:31:04,ABC,0
22/04/24,9:31:05,ABC,0
22/04/24,9:31:06,ABC,2445
22/04/24,9:31:07,ABC,115
22/04/24,9:31:08,ABC,51
22/04/24,9:31:09,ABC,58
22/04/24,9:31:10,ABC,26
22/04/24,9:31:11,ABC,20
22/04/24,9:31:12,ABC,17
22/04/24,9:31:13,ABC,0
22/04/24,9:31:14,ABC,0
22/04/24,9:31:15,ABC,313
22/04/24,9:31:16,ABC,495
22/04/24,9:31:17,ABC,30
22/04/24,9:31:18,ABC,0
22/04/24,9:31:19,ABC,0
22/04/24,9:31:20,ABC,275
22/04/24,9:31:21,ABC,510
22/04/24,9:31:22,ABC,0
22/04/24,9:31:23,ABC,0
22/04/24,9:31:24,ABC,0
22/04/24,9:31:25,ABC,0
22/04/24,9:31:26,ABC,39
22/04/24,9:31:27,ABC,21
22/04/24,9:31:28,ABC,10
22/04/24,9:31:29,ABC,17
22/04/24,9:31:30,ABC,0
22/04/24,9:31:31,ABC,646
22/04/24,9:31:32,ABC,2434
22/04/24,9:31:33,ABC,43
22/04/24,9:31:34,ABC,58
22/04/24,9:31:35,ABC,500
22/04/24,9:31:36,ABC,49
22/04/24,9:31:37,ABC,10
22/04/24,9:31:38,ABC,0
22/04/24,9:31:39,ABC,25
22/04/24,9:31:40,ABC,5
22/04/24,9:31:41,ABC,2
22/04/24,9:31:42,ABC,336
22/04/24,9:31:43,ABC,0
22/04/24,9:31:44,ABC,1
22/04/24,9:31:45,ABC,0
22/04/24,9:31:46,ABC,1
22/04/24,9:31:47,ABC,40
22/04/24,9:31:48,ABC,1
22/04/24,9:31:49,ABC,2
22/04/24,9:31:50,ABC,320
22/04/24,9:31:51,ABC,13
22/04/24,9:31:52,ABC,16
22/04/24,9:31:53,ABC,2701
22/04/24,9:31:54,ABC,0
22/04/24,9:31:55,ABC,0
22/04/24,9:31:56,ABC,5
22/04/24,9:31:57,ABC,0
22/04/24,9:31:58,ABC,0
22/04/24,9:31:59,ABC,0
22/04/24,9:32:00,ABC,26
22/04/24,9:32:01,ABC,53
22/04/24,9:32:02,ABC,10
22/04/24,9:32:03,ABC,84
22/04/24,9:32:04,ABC,3
22/04/24,9:32:05,ABC,0
22/04/24,9:32:06,ABC,0
22/04/24,9:32:07,ABC,0
22/04/24,9:32:08,ABC,0
22/04/24,9:32:09,ABC,0
22/04/24,9:32:10,ABC,0
22/04/24,9:32:11,ABC,0
22/04/24,9:32:12,ABC,349
22/04/24,9:32:13,ABC,0
22/04/24,9:32:14,ABC,0
22/04/24,9:32:15,ABC,0
22/04/24,9:32:16,ABC,0
22/04/24,9:32:17,ABC,0
22/04/24,9:32:18,ABC,0
22/04/24,9:32:19,ABC,1409
22/04/24,9:32:20,ABC,0
22/04/24,9:32:21,ABC,0
22/04/24,9:32:22,ABC,0
22/04/24,9:32:23,ABC,0
22/04/24,9:32:24,ABC,0
22/04/24,9:32:25,ABC,0
22/04/24,9:32:26,ABC,0
22/04/24,9:32:27,ABC,233
22/04/24,9:32:28,ABC,0
22/04/24,9:32:29,ABC,0
22/04/24,9:32:30,ABC,0
22/04/24,9:32:31,ABC,0
22/04/24,9:32:32,ABC,0
22/04/24,9:32:33,ABC,0
22/04/24,9:32:34,ABC,0
22/04/24,9:32:35,ABC,407
22/04/24,9:32:36,ABC,0
22/04/24,9:32:37,ABC,0
22/04/24,9:32:38,ABC,0
22/04/24,9:32:39,ABC,0
22/04/24,9:32:40,ABC,0
22/04/24,9:32:41,ABC,0
22/04/24,9:32:42,ABC,0
22/04/24,9:32:43,ABC,1955
22/04/24,9:32:44,ABC,0
22/04/24,9:32:45,ABC,0
22/04/24,9:32:46,ABC,0
22/04/24,9:32:47,ABC,0
22/04/24,9:32:48,ABC,0
22/04/24,9:32:49,ABC,0
22/04/24,9:32:50,ABC,0
22/04/24,9:32:51,ABC,94
22/04/24,9:32:52,ABC,0
22/04/24,9:32:53,ABC,0
22/04/24,9:32:54,ABC,0
22/04/24,9:32:55,ABC,0
22/04/24,9:32:56,ABC,0
22/04/24,9:32:57,ABC,0
22/04/24,9:32:58,ABC,563
22/04/24,9:32:59,ABC,0
22/04/24,9:33:00,ABC,0
22/04/24,9:33:01,ABC,0
22/04/24,9:33:02,ABC,0
22/04/24,9:33:03,ABC,0
22/04/24,9:33:04,ABC,0
22/04/24,9:33:05,ABC,0
22/04/24,9:33:06,ABC,98
22/04/24,9:33:07,ABC,0
22/04/24,9:33:08,ABC,0
22/04/24,9:33:09,ABC,0
22/04/24,9:33:10,ABC,0
22/04/24,9:33:11,ABC,0
22/04/24,9:33:12,ABC,0
22/04/24,9:33:13,ABC,246
22/04/24,9:33:14,ABC,0
22/04/24,9:33:15,ABC,0
22/04/24,9:33:16,ABC,0
22/04/24,9:33:17,ABC,0
22/04/24,9:33:18,ABC,0
22/04/24,9:33:19,ABC,0
22/04/24,9:33:20,ABC,0
22/04/24,9:33:21,ABC,767
22/04/24,9:33:22,ABC,0
22/04/24,9:33:23,ABC,0
22/04/24,9:33:24,ABC,0
22/04/24,9:33:25,ABC,0
22/04/24,9:33:26,ABC,0
22/04/24,9:33:27,ABC,0
22/04/24,9:33:28,ABC,0
22/04/24,9:33:29,ABC,414
22/04/24,9:33:30,ABC,0
22/04/24,9:33:31,ABC,0
22/04/24,9:33:32,ABC,0
22/04/24,9:33:33,ABC,0
22/04/24,9:33:34,ABC,0
22/04/24,9:33:35,ABC,0
22/04/24,9:33:36,ABC,0
22/04/24,9:33:37,ABC,133
22/04/24,9:33:38,ABC,0
22/04/24,9:33:39,ABC,0
22/04/24,9:33:40,ABC,0
22/04/24,9:33:41,ABC,0
22/04/24,9:33:42,ABC,0
22/04/24,9:33:43,ABC,0
22/04/24,9:33:44,ABC,0
22/04/24,9:33:45,ABC,1022
22/04/24,9:33:46,ABC,0
22/04/24,9:33:47,ABC,0
22/04/24,9:33:48,ABC,0
22/04/24,9:33:49,ABC,0
22/04/24,9:33:50,ABC,0
22/04/24,9:33:51,ABC,0
22/04/24,9:33:52,ABC,0
22/04/24,9:33:53,ABC,837
22/04/24,9:33:54,ABC,0
22/04/24,9:33:55,ABC,0
22/04/24,9:33:56,ABC,0
22/04/24,9:33:57,ABC,0
22/04/24,9:33:58,ABC,0
22/04/24,9:33:59,ABC,0
22/04/24,9:34:00,ABC,0
22/04/24,9:34:01,ABC,1138
22/04/24,9:34:02,ABC,0
22/04/24,9:34:03,ABC,0
22/04/24,9:34:04,ABC,0
22/04/24,9:34:05,ABC,0
22/04/24,9:34:06,ABC,0
22/04/24,9:34:07,ABC,0
22/04/24,9:34:08,ABC,0
22/04/24,9:34:09,ABC,534
22/04/24,9:34:10,ABC,0
22/04/24,9:34:11,ABC,0
22/04/24,9:34:12,ABC,0
22/04/24,9:34:13,ABC,0
22/04/24,9:34:14,ABC,0
22/04/24,9:34:15,ABC,0
22/04/24,9:34:16,ABC,87
22/04/24,9:34:17,ABC,0
22/04/24,9:34:18,ABC,0
22/04/24,9:34:19,ABC,0
22/04/24,9:34:20,ABC,0
22/04/24,9:34:21,ABC,0
22/04/24,9:34:22,ABC,0
22/04/24,9:34:23,ABC,0
22/04/24,9:34:24,ABC,246
22/04/24,9:34:25,ABC,0
22/04/24,9:34:26,ABC,0
22/04/24,9:34:27,ABC,0
22/04/24,9:34:28,ABC,0
22/04/24,9:34:29,ABC,0
22/04/24,9:34:30,ABC,0
22/04/24,9:34:31,ABC,0
22/04/24,9:34:32,ABC,549
22/04/24,9:34:33,ABC,0
22/04/24,9:34:34,ABC,0
22/04/24,9:34:35,ABC,0
22/04/24,9:34:36,ABC,0
22/04/24,9:34:37,ABC,0
22/04/24,9:34:38,ABC,0
22/04/24,9:34:39,ABC,157
22/04/24,9:34:40,ABC,0
22/04/24,9:34:41,ABC,0
22/04/24,9:34:42,ABC,0
22/04/24,9:34:43,ABC,0
22/04/24,9:34:44,ABC,0
22/04/24,9:34:45,ABC,0
22/04/24,9:34:46,ABC,0
22/04/24,9:34:47,ABC,481
22/04/24,9:34:48,ABC,0
22/04/24,9:34:49,ABC,0
22/04/24,9:34:50,ABC,0
22/04/24,9:34:51,ABC,0
22/04/24,9:34:52,ABC,0
22/04/24,9:34:53,ABC,0
22/04/24,9:34:54,ABC,0
22/04/24,9:34:55,ABC,266
22/04/24,9:34:56,ABC,0
22/04/24,9:34:57,ABC,0
22/04/24,9:34:58,ABC,0
22/04/24,9:34:59,ABC,0
22/04/24,9:35:00,ABC,0
22/04/24,9:35:01,ABC,0
22/04/24,9:35:02,ABC,204
22/04/24,9:35:03,ABC,0
22/04/24,9:35:04,ABC,0
22/04/24,9:35:05,ABC,0
22/04/24,9:35:06,ABC,0
22/04/24,9:35:07,ABC,0
22/04/24,9:35:08,ABC,0
22/04/24,9:35:09,ABC,0
22/04/24,9:35:10,ABC,266
22/04/24,9:35:11,ABC,0
22/04/24,9:35:12,ABC,0
22/04/24,9:35:13,ABC,0
22/04/24,9:35:14,ABC,0
22/04/24,9:35:15,ABC,0
22/04/24,9:35:16,ABC,0
22/04/24,9:35:17,ABC,0
22/04/24,9:35:18,ABC,496
22/04/24,9:35:19,ABC,0
22/04/24,9:35:20,ABC,0
22/04/24,9:35:21,ABC,0
22/04/24,9:35:22,ABC,0
22/04/24,9:35:23,ABC,0
22/04/24,9:35:24,ABC,0
22/04/24,9:35:25,ABC,214
22/04/24,9:35:26,ABC,0
22/04/24,9:35:27,ABC,0
22/04/24,9:35:28,ABC,0
22/04/24,9:35:29,ABC,0
22/04/24,9:35:30,ABC,0
22/04/24,9:35:31,ABC,0
22/04/24,9:35:32,ABC,0
22/04/24,9:35:33,ABC,474
22/04/24,9:35:34,ABC,0
22/04/24,9:35:35,ABC,0
22/04/24,9:35:36,ABC,0
22/04/24,9:35:37,ABC,0
22/04/24,9:35:38,ABC,0
22/04/24,9:35:39,ABC,0
22/04/24,9:35:40,ABC,2583
22/04/24,9:35:41,ABC,0
22/04/24,9:35:42,ABC,0
22/04/24,9:35:43,ABC,0
22/04/24,9:35:44,ABC,0
22/04/24,9:35:45,ABC,0
22/04/24,9:35:46,ABC,0
22/04/24,9:35:47,ABC,0
22/04/24,9:35:48,ABC,508
22/04/24,9:35:49,ABC,0
22/04/24,9:35:50,ABC,0
22/04/24,9:35:51,ABC,0
22/04/24,9:35:52,ABC,0
22/04/24,9:35:53,ABC,0
22/04/24,9:35:54,ABC,0
22/04/24,9:35:55,ABC,414
22/04/24,9:35:56,ABC,0
22/04/24,9:35:57,ABC,0
22/04/24,9:35:58,ABC,0
22/04/24,9:35:59,ABC,0
22/04/24,9:36:00,ABC,0
22/04/24,9:36:01,ABC,0
22/04/24,9:36:02,ABC,146
22/04/24,9:36:03,ABC,0
22/04/24,9:36:04,ABC,0
22/04/24,9:36:05,ABC,0
22/04/24,9:36:06,ABC,0
22/04/24,9:36:07,ABC,0
22/04/24,9:36:08,ABC,0
22/04/24,9:36:09,ABC,0
22/04/24,9:36:10,ABC,72
22/04/24,9:36:11,ABC,0
22/04/24,9:36:12,ABC,0
22/04/24,9:36:13,ABC,0
22/04/24,9:36:14,ABC,0
22/04/24,9:36:15,ABC,0
22/04/24,9:36:16,ABC,0
22/04/24,9:36:17,ABC,53
22/04/24,9:36:18,ABC,0
22/04/24,9:36:19,ABC,0
22/04/24,9:36:20,ABC,0
22/04/24,9:36:21,ABC,0
22/04/24,9:36:22,ABC,0
22/04/24,9:36:23,ABC,0
22/04/24,9:36:24,ABC,0
22/04/24,9:36:25,ABC,669
22/04/24,9:36:26,ABC,0
22/04/24,9:36:27,ABC,0
22/04/24,9:36:28,ABC,0
22/04/24,9:36:29,ABC,0
22/04/24,9:36:30,ABC,0
22/04/24,9:36:31,ABC,0
22/04/24,9:36:32,ABC,417
22/04/24,9:36:33,ABC,0
22/04/24,9:36:34,ABC,0
22/04/24,9:36:35,ABC,0
22/04/24,9:36:36,ABC,0
22/04/24,9:36:37,ABC,0
22/04/24,9:36:38,ABC,0
22/04/24,9:36:39,ABC,1302
22/04/24,9:36:40,ABC,0
22/04/24,9:36:41,ABC,0
22/04/24,9:36:42,ABC,0
22/04/24,9:36:43,ABC,0
22/04/24,9:36:44,ABC,0
22/04/24,9:36:45,ABC,0
22/04/24,9:36:46,ABC,16
22/04/24,9:36:47,ABC,0
22/04/24,9:36:48,ABC,0
22/04/24,9:36:49,ABC,0
22/04/24,9:36:50,ABC,0
22/04/24,9:36:51,ABC,0
22/04/24,9:36:52,ABC,0
22/04/24,9:36:53,ABC,0
22/04/24,9:36:54,ABC,2350
22/04/24,9:36:55,ABC,0
22/04/24,9:36:56,ABC,0
22/04/24,9:36:57,ABC,0
22/04/24,9:36:58,ABC,0
22/04/24,9:36:59,ABC,0
22/04/24,9:37:00,ABC,0
22/04/24,9:37:01,ABC,89
22/04/24,9:37:02,ABC,0
22/04/24,9:37:03,ABC,0
22/04/24,9:37:04,ABC,0
22/04/24,9:37:05,ABC,0
22/04/24,9:37:06,ABC,0
22/04/24,9:37:07,ABC,0
22/04/24,9:37:08,ABC,651
22/04/24,9:37:09,ABC,0
22/04/24,9:37:10,ABC,0
22/04/24,9:37:11,ABC,0
22/04/24,9:37:12,ABC,0
22/04/24,9:37:13,ABC,0
22/04/24,9:37:14,ABC,0
22/04/24,9:37:15,ABC,217
22/04/24,9:37:16,ABC,0
22/04/24,9:37:17,ABC,0
22/04/24,9:37:18,ABC,0
22/04/24,9:37:19,ABC,0
22/04/24,9:37:20,ABC,0
22/04/24,9:37:21,ABC,0
22/04/24,9:37:22,ABC,110
22/04/24,9:37:23,ABC,0
22/04/24,9:37:24,ABC,0
22/04/24,9:37:25,ABC,0
22/04/24,9:37:26,ABC,0
22/04/24,9:37:27,ABC,0
22/04/24,9:37:28,ABC,0
22/04/24,9:37:29,ABC,28
22/04/24,9:37:30,ABC,0
22/04/24,9:37:31,ABC,0
22/04/24,9:37:32,ABC,0
22/04/24,9:37:33,ABC,0
22/04/24,9:37:34,ABC,0
22/04/24,9:37:35,ABC,0
22/04/24,9:37:36,ABC,0
22/04/24,9:37:37,ABC,407
22/04/24,9:37:38,ABC,0
22/04/24,9:37:39,ABC,0
22/04/24,9:37:40,ABC,0
22/04/24,9:37:41,ABC,0
22/04/24,9:37:42,ABC,0
22/04/24,9:37:43,ABC,0
22/04/24,9:37:44,ABC,4317
22/04/24,9:37:45,ABC,0
22/04/24,9:37:46,ABC,0
22/04/24,9:37:47,ABC,0
22/04/24,9:37:48,ABC,0
22/04/24,9:37:49,ABC,0
22/04/24,9:37:50,ABC,0
22/04/24,9:37:51,ABC,0
22/04/24,9:37:52,ABC,133
22/04/24,9:37:53,ABC,0
22/04/24,9:37:54,ABC,0
22/04/24,9:37:55,ABC,0
22/04/24,9:37:56,ABC,0
22/04/24,9:37:57,ABC,0
22/04/24,9:37:58,ABC,0
22/04/24,9:37:59,ABC,402
22/04/24,9:38:00,ABC,0
22/04/24,9:38:01,ABC,0
22/04/24,9:38:02,ABC,0
22/04/24,9:38:03,ABC,0
22/04/24,9:38:04,ABC,0
22/04/24,9:38:05,ABC,0
22/04/24,9:38:06,ABC,0
22/04/24,9:38:07,ABC,43
22/04/24,9:38:08,ABC,0
22/04/24,9:38:09,ABC,0
22/04/24,9:38:10,ABC,0
22/04/24,9:38:11,ABC,0
22/04/24,9:38:12,ABC,0
22/04/24,9:38:13,ABC,0
22/04/24,9:38:14,ABC,370
22/04/24,9:38:15,ABC,0
22/04/24,9:38:16,ABC,0
22/04/24,9:38:17,ABC,0
22/04/24,9:38:18,ABC,0
22/04/24,9:38:19,ABC,0
22/04/24,9:38:20,ABC,0
22/04/24,9:38:21,ABC,0
22/04/24,9:38:22,ABC,603
22/04/24,9:38:23,ABC,0
22/04/24,9:38:24,ABC,0
22/04/24,9:38:25,ABC,0
22/04/24,9:38:26,ABC,0
22/04/24,9:38:27,ABC,0
22/04/24,9:38:28,ABC,0
22/04/24,9:38:29,ABC,102
22/04/24,9:38:30,ABC,0
22/04/24,9:38:31,ABC,0
22/04/24,9:38:32,ABC,0
22/04/24,9:38:33,ABC,0
22/04/24,9:38:34,ABC,0
22/04/24,9:38:35,ABC,0
22/04/24,9:38:36,ABC,198
22/04/24,9:38:37,ABC,0
22/04/24,9:38:38,ABC,0
22/04/24,9:38:39,ABC,0
22/04/24,9:38:40,ABC,0
22/04/24,9:38:41,ABC,0
22/04/24,9:38:42,ABC,0
22/04/24,9:38:43,ABC,658
22/04/24,9:38:44,ABC,0
22/04/24,9:38:45,ABC,0
22/04/24,9:38:46,ABC,0
22/04/24,9:38:47,ABC,0
22/04/24,9:38:48,ABC,0
22/04/24,9:38:49,ABC,0
22/04/24,9:38:50,ABC,1877
22/04/24,9:38:51,ABC,0
22/04/24,9:38:52,ABC,0
22/04/24,9:38:53,ABC,0
22/04/24,9:38:54,ABC,0
22/04/24,9:38:55,ABC,0
22/04/24,9:38:56,ABC,0
22/04/24,9:38:57,ABC,0
22/04/24,9:38:58,ABC,650
22/04/24,9:38:59,ABC,0
22/04/24,9:39:00,ABC,0
22/04/24,9:39:01,ABC,0
22/04/24,9:39:02,ABC,0
22/04/24,9:39:03,ABC,0
22/04/24,9:39:04,ABC,0
22/04/24,9:39:05,ABC,531
22/04/24,9:39:06,ABC,0
22/04/24,9:39:07,ABC,0
22/04/24,9:39:08,ABC,0
22/04/24,9:39:09,ABC,0
22/04/24,9:39:10,ABC,0
22/04/24,9:39:11,ABC,0
22/04/24,9:39:12,ABC,0
22/04/24,9:39:13,ABC,193
22/04/24,9:39:14,ABC,0
22/04/24,9:39:15,ABC,0
22/04/24,9:39:16,ABC,0
22/04/24,9:39:17,ABC,0
22/04/24,9:39:18,ABC,0
22/04/24,9:39:19,ABC,0
22/04/24,9:39:20,ABC,202
22/04/24,9:39:21,ABC,0
22/04/24,9:39:22,ABC,0
22/04/24,9:39:23,ABC,0
22/04/24,9:39:24,ABC,0
22/04/24,9:39:25,ABC,0
22/04/24,9:39:26,ABC,0
22/04/24,9:39:27,ABC,486
22/04/24,9:39:28,ABC,0
22/04/24,9:39:29,ABC,0
22/04/24,9:39:30,ABC,0
22/04/24,9:39:31,ABC,0
22/04/24,9:39:32,ABC,0
22/04/24,9:39:33,ABC,0
22/04/24,9:39:34,ABC,0
22/04/24,9:39:35,ABC,1404
22/04/24,9:39:36,ABC,0
22/04/24,9:39:37,ABC,0
22/04/24,9:39:38,ABC,0
22/04/24,9:39:39,ABC,0
22/04/24,9:39:40,ABC,0
22/04/24,9:39:41,ABC,0
22/04/24,9:39:42,ABC,32
22/04/24,9:39:43,ABC,0
22/04/24,9:39:44,ABC,0
22/04/24,9:39:45,ABC,0
22/04/24,9:39:46,ABC,0
22/04/24,9:39:47,ABC,0
22/04/24,9:39:48,ABC,0
22/04/24,9:39:49,ABC,273
22/04/24,9:39:50,ABC,0
22/04/24,9:39:51,ABC,0
22/04/24,9:39:52,ABC,0
22/04/24,9:39:53,ABC,0
22/04/24,9:39:54,ABC,0
22/04/24,9:39:55,ABC,0
22/04/24,9:39:56,ABC,1271
22/04/24,9:39:57,ABC,0
22/04/24,9:39:58,ABC,0
22/04/24,9:39:59,ABC,0
22/04/24,9:40:00,ABC,0
22/04/24,9:40:01,ABC,0
22/04/24,9:40:02,ABC,0
22/04/24,9:40:03,ABC,1203
22/04/24,9:40:04,ABC,0
22/04/24,9:40:05,ABC,0
22/04/24,9:40:06,ABC,0
22/04/24,9:40:07,ABC,0
22/04/24,9:40:08,ABC,0
22/04/24,9:40:09,ABC,0
22/04/24,9:40:10,ABC,743
22/04/24,9:40:11,ABC,0
22/04/24,9:40:12,ABC,0
22/04/24,9:40:13,ABC,0
22/04/24,9:40:14,ABC,0
22/04/24,9:40:15,ABC,0
22/04/24,9:40:16,ABC,0
22/04/24,9:40:17,ABC,431
22/04/24,9:40:18,ABC,0
22/04/24,9:40:19,ABC,0
22/04/24,9:40:20,ABC,0
22/04/24,9:40:21,ABC,0
22/04/24,9:40:22,ABC,0
22/04/24,9:40:23,ABC,0
22/04/24,9:40:24,ABC,0
22/04/24,9:40:25,ABC,262
22/04/24,9:40:26,ABC,0
22/04/24,9:40:27,ABC,0
22/04/24,9:40:28,ABC,0
22/04/24,9:40:29,ABC,0
22/04/24,9:40:30,ABC,0
22/04/24,9:40:31,ABC,0
22/04/24,9:40:32,ABC,1189
22/04/24,9:40:33,ABC,0
22/04/24,9:40:34,ABC,0
22/04/24,9:40:35,ABC,0
22/04/24,9:40:36,ABC,0
22/04/24,9:40:37,ABC,0
22/04/24,9:40:38,ABC,0
22/04/24,9:40:39,ABC,980
22/04/24,9:40:40,ABC,0
22/04/24,9:40:41,ABC,0
22/04/24,9:40:42,ABC,0
22/04/24,9:40:43,ABC,0
22/04/24,9:40:44,ABC,0
22/04/24,9:40:45,ABC,0
22/04/24,9:40:46,ABC,608
22/04/24,9:40:47,ABC,0
22/04/24,9:40:48,ABC,0
22/04/24,9:40:49,ABC,0
22/04/24,9:40:50,ABC,0
22/04/24,9:40:51,ABC,0
22/04/24,9:40:52,ABC,0
22/04/24,9:40:53,ABC,417
22/04/24,9:40:54,ABC,0
22/04/24,9:40:55,ABC,0
22/04/24,9:40:56,ABC,0
22/04/24,9:40:57,ABC,0
22/04/24,9:40:58,ABC,0
22/04/24,9:40:59,ABC,0
22/04/24,9:41:00,ABC,1156
22/04/24,9:41:01,ABC,0
22/04/24,9:41:02,ABC,0
22/04/24,9:41:03,ABC,0
22/04/24,9:41:04,ABC,0
22/04/24,9:41:05,ABC,0
22/04/24,9:41:06,ABC,0
22/04/24,9:41:07,ABC,0
22/04/24,9:41:08,ABC,1440
22/04/24,9:41:09,ABC,0
22/04/24,9:41:10,ABC,0
22/04/24,9:41:11,ABC,0
22/04/24,9:41:12,ABC,0
22/04/24,9:41:13,ABC,0
22/04/24,9:41:14,ABC,0
22/04/24,9:41:15,ABC,1306
22/04/24,9:41:16,ABC,0
22/04/24,9:41:17,ABC,0
22/04/24,9:41:18,ABC,0
22/04/24,9:41:19,ABC,0
22/04/24,9:41:20,ABC,0
22/04/24,9:41:21,ABC,0
22/04/24,9:41:22,ABC,3394
22/04/24,9:41:23,ABC,0
22/04/24,9:41:24,ABC,0
22/04/24,9:41:25,ABC,0
22/04/24,9:41:26,ABC,0
22/04/24,9:41:27,ABC,0
22/04/24,9:41:28,ABC,0
22/04/24,9:41:29,ABC,0
22/04/24,9:41:30,ABC,3331
22/04/24,9:41:31,ABC,0
22/04/24,9:41:32,ABC,0
22/04/24,9:41:33,ABC,0
22/04/24,9:41:34,ABC,0
22/04/24,9:41:35,ABC,0
22/04/24,9:41:36,ABC,0
22/04/24,9:41:37,ABC,150
22/04/24,9:41:38,ABC,0
22/04/24,9:41:39,ABC,0
22/04/24,9:41:40,ABC,0
22/04/24,9:41:41,ABC,0
22/04/24,9:41:42,ABC,0
22/04/24,9:41:43,ABC,0
22/04/24,9:41:44,ABC,5809
22/04/24,9:41:45,ABC,0
22/04/24,9:41:46,ABC,0
22/04/24,9:41:47,ABC,0
22/04/24,9:41:48,ABC,0
22/04/24,9:41:49,ABC,0
22/04/24,9:41:50,ABC,0
22/04/24,9:41:51,ABC,0
22/04/24,9:41:52,ABC,802
22/04/24,9:41:53,ABC,0
22/04/24,9:41:54,ABC,0
22/04/24,9:41:55,ABC,0
22/04/24,9:41:56,ABC,0
22/04/24,9:41:57,ABC,0
22/04/24,9:41:58,ABC,0
22/04/24,9:41:59,ABC,420
22/04/24,9:42:00,ABC,0
22/04/24,9:42:01,ABC,0
22/04/24,9:42:02,ABC,0
22/04/24,9:42:03,ABC,0
22/04/24,9:42:04,ABC,0
22/04/24,9:42:05,ABC,0
22/04/24,9:42:06,ABC,2411
22/04/24,9:42:07,ABC,0
22/04/24,9:42:08,ABC,4
22/04/24,9:42:09,ABC,0
22/04/24,9:42:10,ABC,0
22/04/24,9:42:11,ABC,1
22/04/24,9:42:12,ABC,5
22/04/24,9:42:13,ABC,10
22/04/24,9:42:14,ABC,0
22/04/24,9:42:15,ABC,0
22/04/24,9:42:16,ABC,31
22/04/24,9:42:17,ABC,0
22/04/24,9:42:18,ABC,35
22/04/24,9:42:19,ABC,50
22/04/24,9:42:20,ABC,50
22/04/24,9:42:21,ABC,0
22/04/24,9:42:22,ABC,0
22/04/24,9:42:23,ABC,203
22/04/24,9:42:24,ABC,1
22/04/24,9:42:25,ABC,0
22/04/24,9:42:26,ABC,2
22/04/24,9:42:27,ABC,0
22/04/24,9:42:28,ABC,60
22/04/24,9:42:29,ABC,0
22/04/24,9:42:30,ABC,2491
22/04/24,9:42:31,ABC,16
22/04/24,9:42:32,ABC,0
22/04/24,9:42:33,ABC,1558
22/04/24,9:42:34,ABC,0
22/04/24,9:42:35,ABC,134
22/04/24,9:42:36,ABC,3
22/04/24,9:42:37,ABC,2
22/04/24,9:42:38,ABC,47
22/04/24,9:42:39,ABC,3090
22/04/24,9:42:40,ABC,50
22/04/24,9:42:41,ABC,0
22/04/24,9:42:42,ABC,25
22/04/24,9:42:43,ABC,10
22/04/24,9:42:44,ABC,52
22/04/24,9:42:45,ABC,0
22/04/24,9:42:46,ABC,750
22/04/24,9:42:47,ABC,65
22/04/24,9:42:48,ABC,6
22/04/24,9:42:49,ABC,0
22/04/24,9:42:50,ABC,1
22/04/24,9:42:51,ABC,103
22/04/24,9:42:52,ABC,20
22/04/24,9:42:53,ABC,10
22/04/24,9:42:54,ABC,0
22/04/24,9:42:55,ABC,0
22/04/24,9:42:56,ABC,5
22/04/24,9:42:57,ABC,1176
22/04/24,9:42:58,ABC,0
22/04/24,9:42:59,ABC,1072
22/04/24,9:43:00,ABC,217
22/04/24,9:43:01,ABC,0
22/04/24,9:43:02,ABC,1
22/04/24,9:43:03,ABC,20
22/04/24,9:43:04,ABC,0
22/04/24,9:43:05,ABC,0
22/04/24,9:43:06,ABC,0
22/04/24,9:43:07,ABC,0
22/04/24,9:43:08,ABC,0
22/04/24,9:43:09,ABC,0
22/04/24,9:43:10,ABC,0
22/04/24,9:43:11,ABC,0
22/04/24,9:43:12,ABC,545
22/04/24,9:43:13,ABC,0
22/04/24,9:43:14,ABC,0
22/04/24,9:43:15,ABC,0
22/04/24,9:43:16,ABC,0
22/04/24,9:43:17,ABC,0
22/04/24,9:43:18,ABC,0
22/04/24,9:43:19,ABC,1845
22/04/24,9:43:20,ABC,0
22/04/24,9:43:21,ABC,0
22/04/24,9:43:22,ABC,0
22/04/24,9:43:23,ABC,0
22/04/24,9:43:24,ABC,0
22/04/24,9:43:25,ABC,0
22/04/24,9:43:26,ABC,3723
22/04/24,9:43:27,ABC,0
22/04/24,9:43:28,ABC,0
22/04/24,9:43:29,ABC,0
22/04/24,9:43:30,ABC,0
22/04/24,9:43:31,ABC,0
22/04/24,9:43:32,ABC,0
22/04/24,9:43:33,ABC,1132
22/04/24,9:43:34,ABC,0
22/04/24,9:43:35,ABC,0
22/04/24,9:43:36,ABC,0
22/04/24,9:43:37,ABC,0
22/04/24,9:43:38,ABC,0
22/04/24,9:43:39,ABC,0
22/04/24,9:43:40,ABC,275
22/04/24,9:43:41,ABC,0
22/04/24,9:43:42,ABC,0
22/04/24,9:43:43,ABC,0
22/04/24,9:43:44,ABC,0
22/04/24,9:43:45,ABC,0
22/04/24,9:43:46,ABC,0
22/04/24,9:43:47,ABC,0
22/04/24,9:43:48,ABC,748
22/04/24,9:43:49,ABC,0
22/04/24,9:43:50,ABC,0
22/04/24,9:43:51,ABC,0
22/04/24,9:43:52,ABC,0
22/04/24,9:43:53,ABC,0
22/04/24,9:43:54,ABC,0
22/04/24,9:43:55,ABC,1532
22/04/24,9:43:56,ABC,0
22/04/24,9:43:57,ABC,0
22/04/24,9:43:58,ABC,0
22/04/24,9:43:59,ABC,0
22/04/24,9:44:00,ABC,0
22/04/24,9:44:01,ABC,0
22/04/24,9:44:02,ABC,201
22/04/24,9:44:03,ABC,0
22/04/24,9:44:04,ABC,0
22/04/24,9:44:05,ABC,0
22/04/24,9:44:06,ABC,0
22/04/24,9:44:07,ABC,0
22/04/24,9:44:08,ABC,0
22/04/24,9:44:09,ABC,2515
22/04/24,9:44:10,ABC,0
22/04/24,9:44:11,ABC,0
22/04/24,9:44:12,ABC,0
22/04/24,9:44:13,ABC,0
22/04/24,9:44:14,ABC,0
22/04/24,9:44:15,ABC,0
22/04/24,9:44:16,ABC,2260
22/04/24,9:44:17,ABC,0
22/04/24,9:44:18,ABC,0
22/04/24,9:44:19,ABC,0
22/04/24,9:44:20,ABC,0
22/04/24,9:44:21,ABC,0
22/04/24,9:44:22,ABC,0
22/04/24,9:44:23,ABC,436
22/04/24,9:44:24,ABC,0
22/04/24,9:44:25,ABC,0
22/04/24,9:44:26,ABC,0
22/04/24,9:44:27,ABC,0
22/04/24,9:44:28,ABC,0
22/04/24,9:44:29,ABC,0
22/04/24,9:44:30,ABC,0
22/04/24,9:44:31,ABC,933
22/04/24,9:44:32,ABC,0
22/04/24,9:44:33,ABC,0
22/04/24,9:44:34,ABC,0
22/04/24,9:44:35,ABC,0
22/04/24,9:44:36,ABC,0
22/04/24,9:44:37,ABC,537
22/04/24,9:44:38,ABC,0
22/04/24,9:44:39,ABC,0
22/04/24,9:44:40,ABC,0
22/04/24,9:44:41,ABC,0
22/04/24,9:44:42,ABC,0
22/04/24,9:44:43,ABC,0
22/04/24,9:44:44,ABC,180
22/04/24,9:44:45,ABC,0
22/04/24,9:44:46,ABC,0
22/04/24,9:44:47,ABC,0
22/04/24,9:44:48,ABC,0
22/04/24,9:44:49,ABC,0
22/04/24,9:44:50,ABC,0
22/04/24,9:44:51,ABC,5636
22/04/24,9:44:52,ABC,0
22/04/24,9:44:53,ABC,0
22/04/24,9:44:54,ABC,0
22/04/24,9:44:55,ABC,0
22/04/24,9:44:56,ABC,0
22/04/24,9:44:57,ABC,0
22/04/24,9:44:58,ABC,3640
22/04/24,9:44:59,ABC,0
22/04/24,9:45:00,ABC,0
22/04/24,9:45:01,ABC,0
22/04/24,9:45:02,ABC,0
22/04/24,9:45:03,ABC,0
22/04/24,9:45:04,ABC,0
22/04/24,9:45:05,ABC,0
22/04/24,9:45:06,ABC,240
22/04/24,9:45:07,ABC,0
22/04/24,9:45:08,ABC,50
22/04/24,9:45:09,ABC,181
22/04/24,9:45:10,ABC,16
22/04/24,9:45:11,ABC,0
22/04/24,9:45:12,ABC,1
22/04/24,9:45:13,ABC,0
22/04/24,9:45:14,ABC,103
22/04/24,9:45:15,ABC,31
22/04/24,9:45:16,ABC,105
22/04/24,9:45:17,ABC,84
22/04/24,9:45:18,ABC,1
22/04/24,9:45:19,ABC,0
22/04/24,9:45:20,ABC,2
22/04/24,9:45:21,ABC,0
22/04/24,9:45:22,ABC,35
22/04/24,9:45:23,ABC,27
22/04/24,9:45:24,ABC,0
22/04/24,9:45:25,ABC,1
22/04/24,9:45:26,ABC,2
22/04/24,9:45:27,ABC,0
22/04/24,9:45:28,ABC,1
22/04/24,9:45:29,ABC,0
22/04/24,9:45:30,ABC,95
22/04/24,9:45:31,ABC,681
22/04/24,9:45:32,ABC,30
22/04/24,9:45:33,ABC,0
22/04/24,9:45:34,ABC,5
22/04/24,9:45:35,ABC,0
22/04/24,9:45:36,ABC,11
22/04/24,9:45:37,ABC,0
22/04/24,9:45:38,ABC,73
22/04/24,9:45:39,ABC,39
22/04/24,9:45:40,ABC,200
22/04/24,9:45:41,ABC,25
22/04/24,9:45:42,ABC,0
22/04/24,9:45:43,ABC,0
22/04/24,9:45:44,ABC,90
22/04/24,9:45:45,ABC,2
22/04/24,9:45:46,ABC,92
22/04/24,9:45:47,ABC,500
22/04/24,9:45:48,ABC,0
22/04/24,9:45:49,ABC,0
22/04/24,9:45:50,ABC,350
22/04/24,9:45:51,ABC,0
22/04/24,9:45:52,ABC,1
22/04/24,9:45:53,ABC,16
22/04/24,9:45:54,ABC,3
22/04/24,9:45:55,ABC,2
22/04/24,9:45:56,ABC,31
22/04/24,9:45:57,ABC,0
22/04/24,9:45:58,ABC,0
22/04/24,9:45:59,ABC,130
22/04/24,9:46:00,ABC,0
22/04/24,9:46:01,ABC,0
22/04/24,9:46:02,ABC,841
22/04/24,9:46:03,ABC,0
22/04/24,9:46:04,ABC,2
22/04/24,9:46:05,ABC,0
22/04/24,9:46:06,ABC,0
22/04/24,9:46:07,ABC,0
22/04/24,9:46:08,ABC,0
22/04/24,9:46:09,ABC,1767
22/04/24,9:46:10,ABC,0
22/04/24,9:46:11,ABC,0
22/04/24,9:46:12,ABC,0
22/04/24,9:46:13,ABC,0
22/04/24,9:46:14,ABC,0
22/04/24,9:46:15,ABC,0
22/04/24,9:46:16,ABC,3607
22/04/24,9:46:17,ABC,0
22/04/24,9:46:18,ABC,0
22/04/24,9:46:19,ABC,0
22/04/24,9:46:20,ABC,0
22/04/24,9:46:21,ABC,0
22/04/24,9:46:22,ABC,0
22/04/24,9:46:23,ABC,1648
22/04/24,9:46:24,ABC,0
22/04/24,9:46:25,ABC,0
22/04/24,9:46:26,ABC,0
22/04/24,9:46:27,ABC,0
22/04/24,9:46:28,ABC,0
22/04/24,9:46:29,ABC,0
22/04/24,9:46:30,ABC,105
22/04/24,9:46:31,ABC,0
22/04/24,9:46:32,ABC,0
22/04/24,9:46:33,ABC,0
22/04/24,9:46:34,ABC,0
22/04/24,9:46:35,ABC,0
22/04/24,9:46:36,ABC,0
22/04/24,9:46:37,ABC,1087
22/04/24,9:46:38,ABC,0
22/04/24,9:46:39,ABC,0
22/04/24,9:46:40,ABC,0
22/04/24,9:46:41,ABC,0
22/04/24,9:46:42,ABC,0
22/04/24,9:46:43,ABC,0
22/04/24,9:46:44,ABC,604
22/04/24,9:46:45,ABC,0
22/04/24,9:46:46,ABC,0
22/04/24,9:46:47,ABC,0
22/04/24,9:46:48,ABC,0
22/04/24,9:46:49,ABC,0
22/04/24,9:46:50,ABC,0
22/04/24,9:46:51,ABC,495
22/04/24,9:46:52,ABC,0
22/04/24,9:46:53,ABC,0
22/04/24,9:46:54,ABC,0
22/04/24,9:46:55,ABC,0
22/04/24,9:46:56,ABC,0
22/04/24,9:46:57,ABC,0
22/04/24,9:46:58,ABC,522
22/04/24,9:46:59,ABC,0
22/04/24,9:47:00,ABC,0
22/04/24,9:47:01,ABC,0
22/04/24,9:47:02,ABC,0
22/04/24,9:47:03,ABC,0
22/04/24,9:47:04,ABC,23
22/04/24,9:47:05,ABC,0
22/04/24,9:47:06,ABC,0
22/04/24,9:47:07,ABC,0
22/04/24,9:47:08,ABC,0
22/04/24,9:47:09,ABC,0
22/04/24,9:47:10,ABC,0
22/04/24,9:47:11,ABC,0
22/04/24,9:47:12,ABC,39
22/04/24,9:47:13,ABC,0
22/04/24,9:47:14,ABC,0
22/04/24,9:47:15,ABC,0
22/04/24,9:47:16,ABC,0
22/04/24,9:47:17,ABC,0
22/04/24,9:47:18,ABC,0
22/04/24,9:47:19,ABC,776
22/04/24,9:47:20,ABC,0
22/04/24,9:47:21,ABC,0
22/04/24,9:47:22,ABC,0
22/04/24,9:47:23,ABC,0
22/04/24,9:47:24,ABC,0
22/04/24,9:47:25,ABC,0
22/04/24,9:47:26,ABC,200
22/04/24,9:47:27,ABC,0
22/04/24,9:47:28,ABC,0
22/04/24,9:47:29,ABC,0
22/04/24,9:47:30,ABC,0
22/04/24,9:47:31,ABC,0
22/04/24,9:47:32,ABC,0
22/04/24,9:47:33,ABC,254
22/04/24,9:47:34,ABC,0
22/04/24,9:47:35,ABC,0
22/04/24,9:47:36,ABC,0
22/04/24,9:47:37,ABC,0
22/04/24,9:47:38,ABC,0
22/04/24,9:47:39,ABC,0
22/04/24,9:47:40,ABC,151
22/04/24,9:47:41,ABC,0
22/04/24,9:47:42,ABC,0
22/04/24,9:47:43,ABC,0
22/04/24,9:47:44,ABC,0
22/04/24,9:47:45,ABC,0
22/04/24,9:47:46,ABC,0
22/04/24,9:47:47,ABC,85
22/04/24,9:47:48,ABC,0
22/04/24,9:47:49,ABC,0
22/04/24,9:47:50,ABC,0
22/04/24,9:47:51,ABC,0
22/04/24,9:47:52,ABC,0
22/04/24,9:47:53,ABC,0
22/04/24,9:47:54,ABC,106
22/04/24,9:47:55,ABC,0
22/04/24,9:47:56,ABC,0
22/04/24,9:47:57,ABC,0
22/04/24,9:47:58,ABC,0
22/04/24,9:47:59,ABC,0
22/04/24,9:48:00,ABC,558
22/04/24,9:48:01,ABC,0
22/04/24,9:48:02,ABC,0
22/04/24,9:48:03,ABC,0
22/04/24,9:48:04,ABC,0
22/04/24,9:48:05,ABC,0
22/04/24,9:48:06,ABC,0
22/04/24,9:48:07,ABC,1225
22/04/24,9:48:08,ABC,0
22/04/24,9:48:09,ABC,0
22/04/24,9:48:10,ABC,0
22/04/24,9:48:11,ABC,0
22/04/24,9:48:12,ABC,0
22/04/24,9:48:13,ABC,0
22/04/24,9:48:14,ABC,45
22/04/24,9:48:15,ABC,0
22/04/24,9:48:16,ABC,0
22/04/24,9:48:17,ABC,0
22/04/24,9:48:18,ABC,0
22/04/24,9:48:19,ABC,0
22/04/24,9:48:20,ABC,0
22/04/24,9:48:21,ABC,3042
22/04/24,9:48:22,ABC,0
22/04/24,9:48:23,ABC,0
22/04/24,9:48:24,ABC,0
22/04/24,9:48:25,ABC,0
22/04/24,9:48:26,ABC,0
22/04/24,9:48:27,ABC,0
22/04/24,9:48:28,ABC,1
22/04/24,9:48:29,ABC,0
22/04/24,9:48:30,ABC,0
22/04/24,9:48:31,ABC,0
22/04/24,9:48:32,ABC,0
22/04/24,9:48:33,ABC,0
22/04/24,9:48:34,ABC,0
22/04/24,9:48:35,ABC,828
22/04/24,9:48:36,ABC,0
22/04/24,9:48:37,ABC,0
22/04/24,9:48:38,ABC,0
22/04/24,9:48:39,ABC,0
22/04/24,9:48:40,ABC,0
22/04/24,9:48:41,ABC,0
22/04/24,9:48:42,ABC,236
22/04/24,9:48:43,ABC,0
22/04/24,9:48:44,ABC,0
22/04/24,9:48:45,ABC,0
22/04/24,9:48:46,ABC,0
22/04/24,9:48:47,ABC,0
22/04/24,9:48:48,ABC,0
22/04/24,9:48:49,ABC,1270
22/04/24,9:48:50,ABC,0
22/04/24,9:48:51,ABC,0
22/04/24,9:48:52,ABC,0
22/04/24,9:48:53,ABC,0
22/04/24,9:48:54,ABC,0
22/04/24,9:48:55,ABC,0
22/04/24,9:48:56,ABC,457
22/04/24,9:48:57,ABC,0
22/04/24,9:48:58,ABC,0
22/04/24,9:48:59,ABC,0
22/04/24,9:49:00,ABC,0
22/04/24,9:49:01,ABC,0
22/04/24,9:49:02,ABC,0
22/04/24,9:49:03,ABC,50
22/04/24,9:49:04,ABC,0
22/04/24,9:49:05,ABC,0
22/04/24,9:49:06,ABC,0
22/04/24,9:49:07,ABC,0
22/04/24,9:49:08,ABC,0
22/04/24,9:49:09,ABC,0
22/04/24,9:49:10,ABC,0
22/04/24,9:49:11,ABC,50
22/04/24,9:49:12,ABC,0
22/04/24,9:49:13,ABC,0
22/04/24,9:49:14,ABC,0
22/04/24,9:49:15,ABC,0
22/04/24,9:49:16,ABC,0
22/04/24,9:49:17,ABC,100
22/04/24,9:49:18,ABC,0
22/04/24,9:49:19,ABC,0
22/04/24,9:49:20,ABC,0
22/04/24,9:49:21,ABC,0
22/04/24,9:49:22,ABC,0
22/04/24,9:49:23,ABC,0
22/04/24,9:49:24,ABC,73
22/04/24,9:49:25,ABC,0
22/04/24,9:49:26,ABC,0
22/04/24,9:49:27,ABC,0
22/04/24,9:49:28,ABC,0
22/04/24,9:49:29,ABC,0
22/04/24,9:49:30,ABC,0
22/04/24,9:49:31,ABC,253
22/04/24,9:49:32,ABC,0
22/04/24,9:49:33,ABC,0
22/04/24,9:49:34,ABC,0
22/04/24,9:49:35,ABC,0
22/04/24,9:49:36,ABC,0
22/04/24,9:49:37,ABC,0
22/04/24,9:49:38,ABC,319
22/04/24,9:49:39,ABC,0
22/04/24,9:49:40,ABC,0
22/04/24,9:49:41,ABC,0
22/04/24,9:49:42,ABC,0
22/04/24,9:49:43,ABC,0
22/04/24,9:49:44,ABC,0
22/04/24,9:49:45,ABC,6144
22/04/24,9:49:46,ABC,0
22/04/24,9:49:47,ABC,0
22/04/24,9:49:48,ABC,0
22/04/24,9:49:49,ABC,0
22/04/24,9:49:50,ABC,0
22/04/24,9:49:51,ABC,0
22/04/24,9:49:52,ABC,161
22/04/24,9:49:53,ABC,0
22/04/24,9:49:54,ABC,0
22/04/24,9:49:55,ABC,0
22/04/24,9:49:56,ABC,0
22/04/24,9:49:57,ABC,0
22/04/24,9:49:58,ABC,0
22/04/24,9:49:59,ABC,301
22/04/24,9:50:00,ABC,0
22/04/24,9:50:01,ABC,0
22/04/24,9:50:02,ABC,0
22/04/24,9:50:03,ABC,0
22/04/24,9:50:04,ABC,0
22/04/24,9:50:05,ABC,0
22/04/24,9:50:06,ABC,205
22/04/24,9:50:07,ABC,0
22/04/24,9:50:08,ABC,0
22/04/24,9:50:09,ABC,0
22/04/24,9:50:10,ABC,0
22/04/24,9:50:11,ABC,0
22/04/24,9:50:12,ABC,0
22/04/24,9:50:13,ABC,752
22/04/24,9:50:14,ABC,0
22/04/24,9:50:15,ABC,0
22/04/24,9:50:16,ABC,0
22/04/24,9:50:17,ABC,0
22/04/24,9:50:18,ABC,0
22/04/24,9:50:19,ABC,0
22/04/24,9:50:20,ABC,12
22/04/24,9:50:21,ABC,0
22/04/24,9:50:22,ABC,0
22/04/24,9:50:23,ABC,0
22/04/24,9:50:24,ABC,0
22/04/24,9:50:25,ABC,0
22/04/24,9:50:26,ABC,0
22/04/24,9:50:27,ABC,1
22/04/24,9:50:28,ABC,0
22/04/24,9:50:29,ABC,0
22/04/24,9:50:30,ABC,0
22/04/24,9:50:31,ABC,0
22/04/24,9:50:32,ABC,0
22/04/24,9:50:33,ABC,0
22/04/24,9:50:34,ABC,51
22/04/24,9:50:35,ABC,0
22/04/24,9:50:36,ABC,0
22/04/24,9:50:37,ABC,0
22/04/24,9:50:38,ABC,0
22/04/24,9:50:39,ABC,0
22/04/24,9:50:40,ABC,0
22/04/24,9:50:41,ABC,223
22/04/24,9:50:42,ABC,0
22/04/24,9:50:43,ABC,0
22/04/24,9:50:44,ABC,0
22/04/24,9:50:45,ABC,0
22/04/24,9:50:46,ABC,0
22/04/24,9:50:47,ABC,0
22/04/24,9:50:48,ABC,0
22/04/24,9:50:49,ABC,0
22/04/24,9:50:50,ABC,0
22/04/24,9:50:51,ABC,0
22/04/24,9:50:52,ABC,0
22/04/24,9:50:53,ABC,0
22/04/24,9:50:54,ABC,0
22/04/24,9:50:55,ABC,424
22/04/24,9:50:56,ABC,0
22/04/24,9:50:57,ABC,0
22/04/24,9:50:58,ABC,0
22/04/24,9:50:59,ABC,0
22/04/24,9:51:00,ABC,0
22/04/24,9:51:01,ABC,490
22/04/24,9:51:02,ABC,0
22/04/24,9:51:03,ABC,0
22/04/24,9:51:04,ABC,0
22/04/24,9:51:05,ABC,0
22/04/24,9:51:06,ABC,0
22/04/24,9:51:07,ABC,0
22/04/24,9:51:08,ABC,454
22/04/24,9:51:09,ABC,0
22/04/24,9:51:10,ABC,0
22/04/24,9:51:11,ABC,0
22/04/24,9:51:12,ABC,0
22/04/24,9:51:13,ABC,0
22/04/24,9:51:14,ABC,0
22/04/24,9:51:15,ABC,32
22/04/24,9:51:16,ABC,0
22/04/24,9:51:17,ABC,0
22/04/24,9:51:18,ABC,0
22/04/24,9:51:19,ABC,0
22/04/24,9:51:20,ABC,0
22/04/24,9:51:21,ABC,0
22/04/24,9:51:22,ABC,6101
22/04/24,9:51:23,ABC,0
22/04/24,9:51:24,ABC,0
22/04/24,9:51:25,ABC,0
22/04/24,9:51:26,ABC,0
22/04/24,9:51:27,ABC,0
22/04/24,9:51:28,ABC,0
22/04/24,9:51:29,ABC,866
22/04/24,9:51:30,ABC,0
22/04/24,9:51:31,ABC,0
22/04/24,9:51:32,ABC,0
22/04/24,9:51:33,ABC,0
22/04/24,9:51:34,ABC,0
22/04/24,9:51:35,ABC,1809
22/04/24,9:51:36,ABC,0
22/04/24,9:51:37,ABC,0
22/04/24,9:51:38,ABC,0
22/04/24,9:51:39,ABC,0
22/04/24,9:51:40,ABC,0
22/04/24,9:51:41,ABC,0
22/04/24,9:51:42,ABC,367
22/04/24,9:51:43,ABC,0
22/04/24,9:51:44,ABC,0
22/04/24,9:51:45,ABC,0
22/04/24,9:51:46,ABC,0
22/04/24,9:51:47,ABC,0
22/04/24,9:51:48,ABC,0
22/04/24,9:51:49,ABC,1627
22/04/24,9:51:50,ABC,0
22/04/24,9:51:51,ABC,0
22/04/24,9:51:52,ABC,0
22/04/24,9:51:53,ABC,0
22/04/24,9:51:54,ABC,0
22/04/24,9:51:55,ABC,0
22/04/24,9:51:56,ABC,340
22/04/24,9:51:57,ABC,0
22/04/24,9:51:58,ABC,0
22/04/24,9:51:59,ABC,0
22/04/24,9:52:00,ABC,0
22/04/24,9:52:01,ABC,0
22/04/24,9:52:02,ABC,0
22/04/24,9:52:03,ABC,1004
22/04/24,9:52:04,ABC,0
22/04/24,9:52:05,ABC,0
22/04/24,9:52:06,ABC,1263
22/04/24,9:52:07,ABC,0
22/04/24,9:52:08,ABC,190
22/04/24,9:52:09,ABC,0
22/04/24,9:52:10,ABC,3007
22/04/24,9:52:11,ABC,420
22/04/24,9:52:12,ABC,25
22/04/24,9:52:13,ABC,36
22/04/24,9:52:14,ABC,0
22/04/24,9:52:15,ABC,5
22/04/24,9:52:16,ABC,0
22/04/24,9:52:17,ABC,1
22/04/24,9:52:18,ABC,0
22/04/24,9:52:19,ABC,0
22/04/24,9:52:20,ABC,0
22/04/24,9:52:21,ABC,1
22/04/24,9:52:22,ABC,0
22/04/24,9:52:23,ABC,0
22/04/24,9:52:24,ABC,1006
22/04/24,9:52:25,ABC,0
22/04/24,9:52:26,ABC,0
22/04/24,9:52:27,ABC,50
22/04/24,9:52:28,ABC,0
22/04/24,9:52:29,ABC,0
22/04/24,9:52:30,ABC,0
22/04/24,9:52:31,ABC,0
22/04/24,9:52:32,ABC,0
22/04/24,9:52:33,ABC,10
22/04/24,9:52:34,ABC,6
22/04/24,9:52:35,ABC,1
22/04/24,9:52:36,ABC,25
22/04/24,9:52:37,ABC,40
22/04/24,9:52:38,ABC,0
22/04/24,9:52:39,ABC,0
22/04/24,9:52:40,ABC,770
22/04/24,9:52:41,ABC,70
22/04/24,9:52:42,ABC,0
22/04/24,9:52:43,ABC,20
22/04/24,9:52:44,ABC,303
22/04/24,9:52:45,ABC,78
22/04/24,9:52:46,ABC,50
22/04/24,9:52:47,ABC,416
22/04/24,9:52:48,ABC,1
22/04/24,9:52:49,ABC,0
22/04/24,9:52:50,ABC,2053
22/04/24,9:52:51,ABC,0
22/04/24,9:52:52,ABC,100
22/04/24,9:52:53,ABC,0
22/04/24,9:52:54,ABC,903
22/04/24,9:52:55,ABC,0
22/04/24,9:52:56,ABC,200
22/04/24,9:52:57,ABC,0
22/04/24,9:52:58,ABC,250
22/04/24,9:52:59,ABC,0
22/04/24,9:53:00,ABC,12
22/04/24,9:53:01,ABC,0
22/04/24,9:53:02,ABC,0
22/04/24,9:53:03,ABC,0
22/04/24,9:53:04,ABC,25
22/04/24,9:53:05,ABC,100
22/04/24,9:53:06,ABC,0
22/04/24,9:53:07,ABC,0
22/04/24,9:53:08,ABC,0
22/04/24,9:53:09,ABC,0
22/04/24,9:53:10,ABC,0
22/04/24,9:53:11,ABC,341
22/04/24,9:53:12,ABC,0
22/04/24,9:53:13,ABC,0
22/04/24,9:53:14,ABC,0
22/04/24,9:53:15,ABC,0
22/04/24,9:53:16,ABC,0
22/04/24,9:53:17,ABC,0
22/04/24,9:53:18,ABC,438
22/04/24,9:53:19,ABC,0
22/04/24,9:53:20,ABC,0
22/04/24,9:53:21,ABC,0
22/04/24,9:53:22,ABC,0
22/04/24,9:53:23,ABC,0
22/04/24,9:53:24,ABC,0
22/04/24,9:53:25,ABC,130
22/04/24,9:53:26,ABC,0
22/04/24,9:53:27,ABC,0
22/04/24,9:53:28,ABC,0
22/04/24,9:53:29,ABC,0
22/04/24,9:53:30,ABC,0
22/04/24,9:53:31,ABC,262
22/04/24,9:53:32,ABC,0
22/04/24,9:53:33,ABC,0
22/04/24,9:53:34,ABC,0
22/04/24,9:53:35,ABC,0
22/04/24,9:53:36,ABC,0
22/04/24,9:53:37,ABC,0
22/04/24,9:53:38,ABC,47
22/04/24,9:53:39,ABC,0
22/04/24,9:53:40,ABC,0
22/04/24,9:53:41,ABC,0
22/04/24,9:53:42,ABC,0
22/04/24,9:53:43,ABC,0
22/04/24,9:53:44,ABC,0
22/04/24,9:53:45,ABC,376
22/04/24,9:53:46,ABC,0
22/04/24,9:53:47,ABC,0
22/04/24,9:53:48,ABC,0
22/04/24,9:53:49,ABC,0
22/04/24,9:53:50,ABC,0
22/04/24,9:53:51,ABC,498
22/04/24,9:53:52,ABC,0
22/04/24,9:53:53,ABC,0
22/04/24,9:53:54,ABC,0
22/04/24,9:53:55,ABC,0
22/04/24,9:53:56,ABC,0
22/04/24,9:53:57,ABC,1552
22/04/24,9:53:58,ABC,0
22/04/24,9:53:59,ABC,0
22/04/24,9:54:00,ABC,0
22/04/24,9:54:01,ABC,0
22/04/24,9:54:02,ABC,0
22/04/24,9:54:03,ABC,0
22/04/24,9:54:04,ABC,71
22/04/24,9:54:05,ABC,0
22/04/24,9:54:06,ABC,0
22/04/24,9:54:07,ABC,0
22/04/24,9:54:08,ABC,0
22/04/24,9:54:09,ABC,0
22/04/24,9:54:10,ABC,231
22/04/24,9:54:11,ABC,0
22/04/24,9:54:12,ABC,0
22/04/24,9:54:13,ABC,0
22/04/24,9:54:14,ABC,0
22/04/24,9:54:15,ABC,0
22/04/24,9:54:16,ABC,0
22/04/24,9:54:17,ABC,660
22/04/24,9:54:18,ABC,0
22/04/24,9:54:19,ABC,0
22/04/24,9:54:20,ABC,0
22/04/24,9:54:21,ABC,0
22/04/24,9:54:22,ABC,0
22/04/24,9:54:23,ABC,90
22/04/24,9:54:24,ABC,0
22/04/24,9:54:25,ABC,0
22/04/24,9:54:26,ABC,0
22/04/24,9:54:27,ABC,0
22/04/24,9:54:28,ABC,0
22/04/24,9:54:29,ABC,0
22/04/24,9:54:30,ABC,842
22/04/24,9:54:31,ABC,0
22/04/24,9:54:32,ABC,0
22/04/24,9:54:33,ABC,0
22/04/24,9:54:34,ABC,0
22/04/24,9:54:35,ABC,0
22/04/24,9:54:36,ABC,0
22/04/24,9:54:37,ABC,0
22/04/24,9:54:38,ABC,227
22/04/24,9:54:39,ABC,0
22/04/24,9:54:40,ABC,0
22/04/24,9:54:41,ABC,0
22/04/24,9:54:42,ABC,0
22/04/24,9:54:43,ABC,0
22/04/24,9:54:44,ABC,526
22/04/24,9:54:45,ABC,0
22/04/24,9:54:46,ABC,0
22/04/24,9:54:47,ABC,0
22/04/24,9:54:48,ABC,0
22/04/24,9:54:49,ABC,0
22/04/24,9:54:50,ABC,0
22/04/24,9:54:51,ABC,104
22/04/24,9:54:52,ABC,0
22/04/24,9:54:53,ABC,0
22/04/24,9:54:54,ABC,0
22/04/24,9:54:55,ABC,0
22/04/24,9:54:56,ABC,0
22/04/24,9:54:57,ABC,6
22/04/24,9:54:58,ABC,0
22/04/24,9:54:59,ABC,0
22/04/24,9:55:00,ABC,0
22/04/24,9:55:01,ABC,0
22/04/24,9:55:02,ABC,0
22/04/24,9:55:03,ABC,0
22/04/24,9:55:04,ABC,2
22/04/24,9:55:05,ABC,0
22/04/24,9:55:06,ABC,0
22/04/24,9:55:07,ABC,0
22/04/24,9:55:08,ABC,0
22/04/24,9:55:09,ABC,0
22/04/24,9:55:10,ABC,250
22/04/24,9:55:11,ABC,0
22/04/24,9:55:12,ABC,0
22/04/24,9:55:13,ABC,0
22/04/24,9:55:14,ABC,0
22/04/24,9:55:15,ABC,0
22/04/24,9:55:16,ABC,0
22/04/24,9:55:17,ABC,823
22/04/24,9:55:18,ABC,0
22/04/24,9:55:19,ABC,0
22/04/24,9:55:20,ABC,0
22/04/24,9:55:21,ABC,0
22/04/24,9:55:22,ABC,0
22/04/24,9:55:23,ABC,317
22/04/24,9:55:24,ABC,0
22/04/24,9:55:25,ABC,0
22/04/24,9:55:26,ABC,0
22/04/24,9:55:27,ABC,0
22/04/24,9:55:28,ABC,0
22/04/24,9:55:29,ABC,0
22/04/24,9:55:30,ABC,2268
22/04/24,9:55:31,ABC,0
22/04/24,9:55:32,ABC,0
22/04/24,9:55:33,ABC,0
22/04/24,9:55:34,ABC,0
22/04/24,9:55:35,ABC,0
22/04/24,9:55:36,ABC,2855
22/04/24,9:55:37,ABC,0
22/04/24,9:55:38,ABC,0
22/04/24,9:55:39,ABC,0
22/04/24,9:55:40,ABC,0
22/04/24,9:55:41,ABC,0
22/04/24,9:55:42,ABC,0
22/04/24,9:55:43,ABC,172
22/04/24,9:55:44,ABC,0
22/04/24,9:55:45,ABC,0
22/04/24,9:55:46,ABC,0
22/04/24,9:55:47,ABC,0
22/04/24,9:55:48,ABC,0
22/04/24,9:55:49,ABC,963
22/04/24,9:55:50,ABC,0
22/04/24,9:55:51,ABC,0
22/04/24,9:55:52,ABC,0
22/04/24,9:55:53,ABC,0
22/04/24,9:55:54,ABC,0
22/04/24,9:55:55,ABC,0
22/04/24,9:55:56,ABC,304
22/04/24,9:55:57,ABC,0
22/04/24,9:55:58,ABC,0
22/04/24,9:55:59,ABC,0
22/04/24,9:56:00,ABC,0
22/04/24,9:56:01,ABC,0
22/04/24,9:56:02,ABC,204
22/04/24,9:56:03,ABC,0
22/04/24,9:56:04,ABC,0
22/04/24,9:56:05,ABC,0
22/04/24,9:56:06,ABC,261
22/04/24,9:56:07,ABC,0
22/04/24,9:56:08,ABC,63
22/04/24,9:56:09,ABC,10
22/04/24,9:56:10,ABC,24
22/04/24,9:56:11,ABC,25
22/04/24,9:56:12,ABC,0
22/04/24,9:56:13,ABC,12
22/04/24,9:56:14,ABC,0
22/04/24,9:56:15,ABC,66
22/04/24,9:56:16,ABC,251
22/04/24,9:56:17,ABC,3
22/04/24,9:56:18,ABC,48
22/04/24,9:56:19,ABC,50
22/04/24,9:56:20,ABC,9
22/04/24,9:56:21,ABC,0
22/04/24,9:56:22,ABC,76
22/04/24,9:56:23,ABC,4
22/04/24,9:56:24,ABC,111
22/04/24,9:56:25,ABC,5
22/04/24,9:56:26,ABC,0
22/04/24,9:56:27,ABC,473
22/04/24,9:56:28,ABC,24
22/04/24,9:56:29,ABC,5202
22/04/24,9:56:30,ABC,8076
22/04/24,9:56:31,ABC,0
22/04/24,9:56:32,ABC,2
22/04/24,9:56:33,ABC,177
22/04/24,9:56:34,ABC,3
22/04/24,9:56:35,ABC,68
22/04/24,9:56:36,ABC,132
22/04/24,9:56:37,ABC,0
22/04/24,9:56:38,ABC,264
22/04/24,9:56:39,ABC,4
22/04/24,9:56:40,ABC,142
22/04/24,9:56:41,ABC,35
22/04/24,9:56:42,ABC,41
22/04/24,9:56:43,ABC,289
22/04/24,9:56:44,ABC,533
22/04/24,9:56:45,ABC,398
22/04/24,9:56:46,ABC,40
22/04/24,9:56:47,ABC,1284
22/04/24,9:56:48,ABC,108
22/04/24,9:56:49,ABC,0
22/04/24,9:56:50,ABC,140
22/04/24,9:56:51,ABC,0
22/04/24,9:56:52,ABC,2229
22/04/24,9:56:53,ABC,852
22/04/24,9:56:54,ABC,0
22/04/24,9:56:55,ABC,657
22/04/24,9:56:56,ABC,0
22/04/24,9:56:57,ABC,54
22/04/24,9:56:58,ABC,111
22/04/24,9:56:59,ABC,372
22/04/24,9:57:00,ABC,355
22/04/24,9:57:01,ABC,686
22/04/24,9:57:02,ABC,165
22/04/24,9:57:03,ABC,200
22/04/24,9:57:04,ABC,1040
22/04/24,9:57:05,ABC,654
22/04/24,9:57:06,ABC,0
22/04/24,9:57:07,ABC,4618
22/04/24,9:57:08,ABC,1776
22/04/24,9:57:09,ABC,1560
22/04/24,9:57:10,ABC,0
22/04/24,9:57:11,ABC,3348
22/04/24,9:57:12,ABC,789
22/04/24,9:57:13,ABC,1393
22/04/24,9:57:14,ABC,0
22/04/24,9:57:15,ABC,374
22/04/24,9:57:16,ABC,388
22/04/24,9:57:17,ABC,1010
22/04/24,9:57:18,ABC,0
22/04/24,9:57:19,ABC,420
22/04/24,9:57:20,ABC,693
22/04/24,9:57:21,ABC,38
22/04/24,9:57:22,ABC,5820
22/04/24,9:57:23,ABC,21
22/04/24,9:57:24,ABC,696
22/04/24,9:57:25,ABC,0
22/04/24,9:57:26,ABC,0
22/04/24,9:57:27,ABC,1363
22/04/24,9:57:28,ABC,479
22/04/24,9:57:29,ABC,436
22/04/24,9:57:30,ABC,168
22/04/24,9:57:31,ABC,425
22/04/24,9:57:32,ABC,519
22/04/24,9:57:33,ABC,1169
22/04/24,9:57:34,ABC,0
22/04/24,9:57:35,ABC,1161
22/04/24,9:57:36,ABC,2500
22/04/24,9:57:37,ABC,16
22/04/24,9:57:38,ABC,0
22/04/24,9:57:39,ABC,0
22/04/24,9:57:40,ABC,411
22/04/24,9:57:41,ABC,2126
22/04/24,9:57:42,ABC,102
22/04/24,9:57:43,ABC,1399
22/04/24,9:57:44,ABC,469
22/04/24,9:57:45,ABC,302
22/04/24,9:57:46,ABC,424
22/04/24,9:57:47,ABC,2545
22/04/24,9:57:48,ABC,104
22/04/24,9:57:49,ABC,101
22/04/24,9:57:50,ABC,107
22/04/24,9:57:51,ABC,541
22/04/24,9:57:52,ABC,80
22/04/24,9:57:53,ABC,392
22/04/24,9:57:54,ABC,0
22/04/24,9:57:55,ABC,2064
22/04/24,9:57:56,ABC,0
22/04/24,9:57:57,ABC,675
22/04/24,9:57:58,ABC,43
22/04/24,9:57:59,ABC,0
22/04/24,9:58:00,ABC,477
22/04/24,9:58:01,ABC,0
22/04/24,9:58:02,ABC,41
22/04/24,9:58:03,ABC,100
22/04/24,9:58:04,ABC,20
22/04/24,9:58:05,ABC,491
22/04/24,9:58:06,ABC,2119
22/04/24,9:58:07,ABC,308
22/04/24,9:58:08,ABC,2
22/04/24,9:58:09,ABC,0
22/04/24,9:58:10,ABC,51
22/04/24,9:58:11,ABC,187
22/04/24,9:58:12,ABC,317
22/04/24,9:58:13,ABC,491
22/04/24,9:58:14,ABC,0
22/04/24,9:58:15,ABC,30
22/04/24,9:58:16,ABC,8
22/04/24,9:58:17,ABC,0
22/04/24,9:58:18,ABC,208
22/04/24,9:58:19,ABC,165
22/04/24,9:58:20,ABC,158
22/04/24,9:58:21,ABC,118
22/04/24,9:58:22,ABC,0
22/04/24,9:58:23,ABC,154
22/04/24,9:58:24,ABC,2
22/04/24,9:58:25,ABC,60
22/04/24,9:58:26,ABC,14
22/04/24,9:58:27,ABC,212
22/04/24,9:58:28,ABC,483
22/04/24,9:58:29,ABC,510
22/04/24,9:58:30,ABC,551
22/04/24,9:58:31,ABC,256
22/04/24,9:58:32,ABC,46
22/04/24,9:58:33,ABC,3951
22/04/24,9:58:34,ABC,0
22/04/24,9:58:35,ABC,53
22/04/24,9:58:36,ABC,50
22/04/24,9:58:37,ABC,38
22/04/24,9:58:38,ABC,0
22/04/24,9:58:39,ABC,1
22/04/24,9:58:40,ABC,5
22/04/24,9:58:41,ABC,186
22/04/24,9:58:42,ABC,1000
22/04/24,9:58:43,ABC,0
22/04/24,9:58:44,ABC,7
22/04/24,9:58:45,ABC,15
22/04/24,9:58:46,ABC,0
22/04/24,9:58:47,ABC,0
22/04/24,9:58:48,ABC,0
22/04/24,9:58:49,ABC,13
22/04/24,9:58:50,ABC,0
22/04/24,9:58:51,ABC,103
22/04/24,9:58:52,ABC,10
22/04/24,9:58:53,ABC,0
22/04/24,9:58:54,ABC,1
22/04/24,9:58:55,ABC,298
22/04/24,9:58:56,ABC,0
22/04/24,9:58:57,ABC,184
22/04/24,9:58:58,ABC,0
22/04/24,9:58:59,ABC,0
22/04/24,9:59:00,ABC,100
22/04/24,9:59:01,ABC,0
22/04/24,9:59:02,ABC,0
22/04/24,9:59:03,ABC,0
22/04/24,9:59:04,ABC,220
22/04/24,9:59:05,ABC,109
22/04/24,9:59:06,ABC,37
22/04/24,9:59:07,ABC,5
22/04/24,9:59:08,ABC,1600
22/04/24,9:59:09,ABC,42
22/04/24,9:59:10,ABC,399
22/04/24,9:59:11,ABC,266
22/04/24,9:59:12,ABC,30
22/04/24,9:59:13,ABC,1
22/04/24,9:59:14,ABC,21
22/04/24,9:59:15,ABC,50
22/04/24,9:59:16,ABC,29
22/04/24,9:59:17,ABC,532
22/04/24,9:59:18,ABC,180
22/04/24,9:59:19,ABC,0
22/04/24,9:59:20,ABC,0
22/04/24,9:59:21,ABC,102
22/04/24,9:59:22,ABC,0
22/04/24,9:59:23,ABC,0
22/04/24,9:59:24,ABC,42
22/04/24,9:59:25,ABC,0
22/04/24,9:59:26,ABC,0
22/04/24,9:59:27,ABC,0
22/04/24,9:59:28,ABC,0
22/04/24,9:59:29,ABC,0
22/04/24,9:59:30,ABC,5
22/04/24,9:59:31,ABC,21
22/04/24,9:59:32,ABC,0
22/04/24,9:59:33,ABC,1
22/04/24,9:59:34,ABC,0
22/04/24,9:59:35,ABC,0
22/04/24,9:59:36,ABC,65
22/04/24,9:59:37,ABC,0
22/04/24,9:59:38,ABC,14
22/04/24,9:59:39,ABC,100
22/04/24,9:59:40,ABC,16
22/04/24,9:59:41,ABC,200
22/04/24,9:59:42,ABC,20
22/04/24,9:59:43,ABC,181
22/04/24,9:59:44,ABC,20
22/04/24,9:59:45,ABC,0
22/04/24,9:59:46,ABC,0
22/04/24,9:59:47,ABC,0
22/04/24,9:59:48,ABC,430
22/04/24,9:59:49,ABC,0
22/04/24,9:59:50,ABC,0
22/04/24,9:59:51,ABC,77
22/04/24,9:59:52,ABC,0
22/04/24,9:59:53,ABC,496
22/04/24,9:59:54,ABC,40
22/04/24,9:59:55,ABC,0
22/04/24,9:59:56,ABC,3
22/04/24,9:59:57,ABC,202
22/04/24,9:59:58,ABC,8
22/04/24,9:59:59,ABC,0
22/04/24,10:00:00,ABC,25
22/04/24,10:00:01,ABC,790
22/04/24,10:00:02,ABC,91
22/04/24,10:00:03,ABC,0
22/04/24,10:00:04,ABC,0
22/04/24,10:00:05,ABC,310
22/04/24,10:00:06,ABC,1
22/04/24,10:00:07,ABC,100
22/04/24,10:00:08,ABC,28
22/04/24,10:00:09,ABC,273
22/04/24,10:00:10,ABC,94
22/04/24,10:00:11,ABC,0
22/04/24,10:00:12,ABC,10
22/04/24,10:00:13,ABC,0
22/04/24,10:00:14,ABC,36
22/04/24,10:00:15,ABC,1
22/04/24,10:00:16,ABC,125
22/04/24,10:00:17,ABC,0
22/04/24,10:00:18,ABC,0
22/04/24,10:00:19,ABC,1
22/04/24,10:00:20,ABC,16
22/04/24,10:00:21,ABC,150
22/04/24,10:00:22,ABC,551
22/04/24,10:00:23,ABC,0
22/04/24,10:00:24,ABC,5
22/04/24,10:00:25,ABC,10
22/04/24,10:00:26,ABC,5
22/04/24,10:00:27,ABC,190
22/04/24,10:00:28,ABC,0
22/04/24,10:00:29,ABC,20
22/04/24,10:00:30,ABC,300
22/04/24,10:00:31,ABC,13
22/04/24,10:00:32,ABC,250
22/04/24,10:00:33,ABC,0
22/04/24,10:00:34,ABC,200
22/04/24,10:00:35,ABC,0
22/04/24,10:00:36,ABC,0
22/04/24,10:00:37,ABC,100
22/04/24,10:00:38,ABC,1
22/04/24,10:00:39,ABC,0
22/04/24,10:00:40,ABC,0
22/04/24,10:00:41,ABC,380
22/04/24,10:00:42,ABC,10
22/04/24,10:00:43,ABC,100
22/04/24,10:00:44,ABC,0
22/04/24,10:00:45,ABC,10
22/04/24,10:00:46,ABC,0
22/04/24,10:00:47,ABC,226
22/04/24,10:00:48,ABC,0
22/04/24,10:00:49,ABC,0
22/04/24,10:00:50,ABC,700
22/04/24,10:00:51,ABC,0
22/04/24,10:00:52,ABC,0
22/04/24,10:00:53,ABC,0
22/04/24,10:00:54,ABC,0
22/04/24,10:00:55,ABC,305
22/04/24,10:00:56,ABC,0
22/04/24,10:00:57,ABC,0
22/04/24,10:00:58,ABC,0
22/04/24,10:00:59,ABC,0
22/04/24,10:01:00,ABC,0
22/04/24,10:01:01,ABC,596
22/04/24,10:01:02,ABC,0
22/04/24,10:01:03,ABC,1
22/04/24,10:01:04,ABC,1
22/04/24,10:01:05,ABC,19
22/04/24,10:01:06,ABC,1365
22/04/24,10:01:07,ABC,0
22/04/24,10:01:08,ABC,0
22/04/24,10:01:09,ABC,2350
22/04/24,10:01:10,ABC,0
22/04/24,10:01:11,ABC,0
22/04/24,10:01:12,ABC,0
22/04/24,10:01:13,ABC,154
22/04/24,10:01:14,ABC,0
22/04/24,10:01:15,ABC,0
22/04/24,10:01:16,ABC,6
22/04/24,10:01:17,ABC,0
22/04/24,10:01:18,ABC,0
22/04/24,10:01:19,ABC,0
22/04/24,10:01:20,ABC,30
22/04/24,10:01:21,ABC,11
22/04/24,10:01:22,ABC,0
22/04/24,10:01:23,ABC,120
22/04/24,10:01:24,ABC,131
22/04/24,10:01:25,ABC,0
22/04/24,10:01:26,ABC,0
22/04/24,10:01:27,ABC,312
22/04/24,10:01:28,ABC,2
22/04/24,10:01:29,ABC,100
22/04/24,10:01:30,ABC,215
22/04/24,10:01:31,ABC,0
22/04/24,10:01:32,ABC,70
22/04/24,10:01:33,ABC,11
22/04/24,10:01:34,ABC,0
22/04/24,10:01:35,ABC,30
22/04/24,10:01:36,ABC,5
22/04/24,10:01:37,ABC,1393
22/04/24,10:01:38,ABC,99
22/04/24,10:01:39,ABC,54
22/04/24,10:01:40,ABC,30
22/04/24,10:01:41,ABC,0
22/04/24,10:01:42,ABC,2
22/04/24,10:01:43,ABC,0
22/04/24,10:01:44,ABC,20
22/04/24,10:01:45,ABC,325
22/04/24,10:01:46,ABC,0
22/04/24,10:01:47,ABC,22
22/04/24,10:01:48,ABC,34
22/04/24,10:01:49,ABC,61
22/04/24,10:01:50,ABC,185
22/04/24,10:01:51,ABC,966
22/04/24,10:01:52,ABC,0
22/04/24,10:01:53,ABC,6
22/04/24,10:01:54,ABC,1
22/04/24,10:01:55,ABC,0
22/04/24,10:01:56,ABC,0
22/04/24,10:01:57,ABC,40
22/04/24,10:01:58,ABC,0
22/04/24,10:01:59,ABC,30
22/04/24,10:02:00,ABC,0
22/04/24,10:02:01,ABC,20
22/04/24,10:02:02,ABC,100
22/04/24,10:02:03,ABC,0
22/04/24,10:02:04,ABC,0
22/04/24,10:02:05,ABC,1
22/04/24,10:02:06,ABC,0
22/04/24,10:02:07,ABC,0
22/04/24,10:02:08,ABC,0
22/04/24,10:02:09,ABC,5
22/04/24,10:02:10,ABC,436
22/04/24,10:02:11,ABC,603
22/04/24,10:02:12,ABC,0
22/04/24,10:02:13,ABC,1312
22/04/24,10:02:14,ABC,15
22/04/24,10:02:15,ABC,10
22/04/24,10:02:16,ABC,0
22/04/24,10:02:17,ABC,40
22/04/24,10:02:18,ABC,100
22/04/24,10:02:19,ABC,0
22/04/24,10:02:20,ABC,0
22/04/24,10:02:21,ABC,600
22/04/24,10:02:22,ABC,1500
22/04/24,10:02:23,ABC,1000
22/04/24,10:02:24,ABC,106
22/04/24,10:02:25,ABC,0
22/04/24,10:02:26,ABC,174
22/04/24,10:02:27,ABC,0
22/04/24,10:02:28,ABC,100
22/04/24,10:02:29,ABC,0
22/04/24,10:02:30,ABC,0
22/04/24,10:02:31,ABC,1074
22/04/24,10:02:32,ABC,0
22/04/24,10:02:33,ABC,40
22/04/24,10:02:34,ABC,5
22/04/24,10:02:35,ABC,0
22/04/24,10:02:36,ABC,0
22/04/24,10:02:37,ABC,20
22/04/24,10:02:38,ABC,0
22/04/24,10:02:39,ABC,0
22/04/24,10:02:40,ABC,25
22/04/24,10:02:41,ABC,100
22/04/24,10:02:42,ABC,4
22/04/24,10:02:43,ABC,2
22/04/24,10:02:44,ABC,214
22/04/24,10:02:45,ABC,324
22/04/24,10:02:46,ABC,0
22/04/24,10:02:47,ABC,0
22/04/24,10:02:48,ABC,15
22/04/24,10:02:49,ABC,0
22/04/24,10:02:50,ABC,0
22/04/24,10:02:51,ABC,0
22/04/24,10:02:52,ABC,50
22/04/24,10:02:53,ABC,200
22/04/24,10:02:54,ABC,0
22/04/24,10:02:55,ABC,0
22/04/24,10:02:56,ABC,0
22/04/24,10:02:57,ABC,3
22/04/24,10:02:58,ABC,1000
22/04/24,10:02:59,ABC,100
22/04/24,10:03:00,ABC,0
22/04/24,10:03:01,ABC,0
22/04/24,10:03:02,ABC,1000
22/04/24,10:03:03,ABC,42
22/04/24,10:03:04,ABC,0
22/04/24,10:03:05,ABC,100
22/04/24,10:03:06,ABC,100
22/04/24,10:03:07,ABC,14
22/04/24,10:03:08,ABC,0
22/04/24,10:03:09,ABC,65
22/04/24,10:03:10,ABC,100
22/04/24,10:03:11,ABC,0
22/04/24,10:03:12,ABC,0
22/04/24,10:03:13,ABC,8
22/04/24,10:03:14,ABC,0
22/04/24,10:03:15,ABC,5
22/04/24,10:03:16,ABC,0
22/04/24,10:03:17,ABC,0
22/04/24,10:03:18,ABC,350
22/04/24,10:03:19,ABC,2
22/04/24,10:03:20,ABC,0
22/04/24,10:03:21,ABC,0
22/04/24,10:03:22,ABC,0
22/04/24,10:03:23,ABC,367
22/04/24,10:03:24,ABC,200
22/04/24,10:03:25,ABC,0
22/04/24,10:03:26,ABC,0
22/04/24,10:03:27,ABC,0
22/04/24,10:03:28,ABC,2799
22/04/24,10:03:29,ABC,194
22/04/24,10:03:30,ABC,50
22/04/24,10:03:31,ABC,0
22/04/24,10:03:32,ABC,0
22/04/24,10:03:33,ABC,0
22/04/24,10:03:34,ABC,1
22/04/24,10:03:35,ABC,4
22/04/24,10:03:36,ABC,0
22/04/24,10:03:37,ABC,57
22/04/24,10:03:38,ABC,0
22/04/24,10:03:39,ABC,0
22/04/24,10:03:40,ABC,0
22/04/24,10:03:41,ABC,580
22/04/24,10:03:42,ABC,135
22/04/24,10:03:43,ABC,0
22/04/24,10:03:44,ABC,70
22/04/24,10:03:45,ABC,413
22/04/24,10:03:46,ABC,0
22/04/24,10:03:47,ABC,64
22/04/24,10:03:48,ABC,0
22/04/24,10:03:49,ABC,179
22/04/24,10:03:50,ABC,25
22/04/24,10:03:51,ABC,120
22/04/24,10:03:52,ABC,63
22/04/24,10:03:53,ABC,100
22/04/24,10:03:54,ABC,241
22/04/24,10:03:55,ABC,30
22/04/24,10:03:56,ABC,0
22/04/24,10:03:57,ABC,0
22/04/24,10:03:58,ABC,0
22/04/24,10:03:59,ABC,0
22/04/24,10:04:00,ABC,0
22/04/24,10:04:01,ABC,0
22/04/24,10:04:02,ABC,0
22/04/24,10:04:03,ABC,0
22/04/24,10:04:04,ABC,20
22/04/24,10:04:05,ABC,0
22/04/24,10:04:06,ABC,0
22/04/24,10:04:07,ABC,0
22/04/24,10:04:08,ABC,0
22/04/24,10:04:09,ABC,0
22/04/24,10:04:10,ABC,0
22/04/24,10:04:11,ABC,0
22/04/24,10:04:12,ABC,112
22/04/24,10:04:13,ABC,0
22/04/24,10:04:14,ABC,0
22/04/24,10:04:15,ABC,0
22/04/24,10:04:16,ABC,0
22/04/24,10:04:17,ABC,0
22/04/24,10:04:18,ABC,0
22/04/24,10:04:19,ABC,1220
22/04/24,10:04:20,ABC,0
22/04/24,10:04:21,ABC,0
22/04/24,10:04:22,ABC,0
22/04/24,10:04:23,ABC,0
22/04/24,10:04:24,ABC,0
22/04/24,10:04:25,ABC,301
22/04/24,10:04:26,ABC,0
22/04/24,10:04:27,ABC,0
22/04/24,10:04:28,ABC,0
22/04/24,10:04:29,ABC,0
22/04/24,10:04:30,ABC,0
22/04/24,10:04:31,ABC,0
22/04/24,10:04:32,ABC,1457
22/04/24,10:04:33,ABC,0
22/04/24,10:04:34,ABC,0
22/04/24,10:04:35,ABC,0
22/04/24,10:04:36,ABC,0
22/04/24,10:04:37,ABC,0
22/04/24,10:04:38,ABC,361
22/04/24,10:04:39,ABC,0
22/04/24,10:04:40,ABC,0
22/04/24,10:04:41,ABC,0
22/04/24,10:04:42,ABC,0
22/04/24,10:04:43,ABC,0
22/04/24,10:04:44,ABC,913
22/04/24,10:04:45,ABC,0
22/04/24,10:04:46,ABC,0
22/04/24,10:04:47,ABC,0
22/04/24,10:04:48,ABC,0
22/04/24,10:04:49,ABC,0
22/04/24,10:04:50,ABC,0
22/04/24,10:04:51,ABC,123
22/04/24,10:04:52,ABC,0
22/04/24,10:04:53,ABC,0
22/04/24,10:04:54,ABC,0
22/04/24,10:04:55,ABC,0
22/04/24,10:04:56,ABC,0
22/04/24,10:04:57,ABC,2119
22/04/24,10:04:58,ABC,0
22/04/24,10:04:59,ABC,0
22/04/24,10:05:00,ABC,0
22/04/24,10:05:01,ABC,0
22/04/24,10:05:02,ABC,0
22/04/24,10:05:03,ABC,0
22/04/24,10:05:04,ABC,727
22/04/24,10:05:05,ABC,0
22/04/24,10:05:06,ABC,724
22/04/24,10:05:07,ABC,0
22/04/24,10:05:08,ABC,0
22/04/24,10:05:09,ABC,28
22/04/24,10:05:10,ABC,4
22/04/24,10:05:11,ABC,1162
22/04/24,10:05:12,ABC,0
22/04/24,10:05:13,ABC,394
22/04/24,10:05:14,ABC,0
22/04/24,10:05:15,ABC,0
22/04/24,10:05:16,ABC,0
22/04/24,10:05:17,ABC,0
22/04/24,10:05:18,ABC,10
22/04/24,10:05:19,ABC,0
22/04/24,10:05:20,ABC,0
22/04/24,10:05:21,ABC,7
22/04/24,10:05:22,ABC,0
22/04/24,10:05:23,ABC,210
22/04/24,10:05:24,ABC,20
22/04/24,10:05:25,ABC,0
22/04/24,10:05:26,ABC,0
22/04/24,10:05:27,ABC,0
22/04/24,10:05:28,ABC,0
22/04/24,10:05:29,ABC,0
22/04/24,10:05:30,ABC,0
22/04/24,10:05:31,ABC,190
22/04/24,10:05:32,ABC,1
22/04/24,10:05:33,ABC,3
22/04/24,10:05:34,ABC,213
22/04/24,10:05:35,ABC,0
22/04/24,10:05:36,ABC,0
22/04/24,10:05:37,ABC,80
22/04/24,10:05:38,ABC,10
22/04/24,10:05:39,ABC,0
22/04/24,10:05:40,ABC,0
22/04/24,10:05:41,ABC,0
22/04/24,10:05:42,ABC,0
22/04/24,10:05:43,ABC,0
22/04/24,10:05:44,ABC,897
22/04/24,10:05:45,ABC,0
22/04/24,10:05:46,ABC,0
22/04/24,10:05:47,ABC,219
22/04/24,10:05:48,ABC,0
22/04/24,10:05:49,ABC,25
22/04/24,10:05:50,ABC,119
22/04/24,10:05:51,ABC,0
22/04/24,10:05:52,ABC,50
22/04/24,10:05:53,ABC,3
22/04/24,10:05:54,ABC,9
22/04/24,10:05:55,ABC,4
22/04/24,10:05:56,ABC,1489
22/04/24,10:05:57,ABC,66
22/04/24,10:05:58,ABC,0
22/04/24,10:05:59,ABC,224
22/04/24,10:06:00,ABC,350
22/04/24,10:06:01,ABC,1
22/04/24,10:06:02,ABC,197
22/04/24,10:06:03,ABC,50
22/04/24,10:06:04,ABC,0
22/04/24,10:06:05,ABC,0
22/04/24,10:06:06,ABC,0
22/04/24,10:06:07,ABC,0
22/04/24,10:06:08,ABC,2539
22/04/24,10:06:09,ABC,0
22/04/24,10:06:10,ABC,0
22/04/24,10:06:11,ABC,0
22/04/24,10:06:12,ABC,0
22/04/24,10:06:13,ABC,0
22/04/24,10:06:14,ABC,0
22/04/24,10:06:15,ABC,1311
22/04/24,10:06:16,ABC,0
22/04/24,10:06:17,ABC,0
22/04/24,10:06:18,ABC,0
22/04/24,10:06:19,ABC,0
22/04/24,10:06:20,ABC,0
22/04/24,10:06:21,ABC,0
22/04/24,10:06:22,ABC,554
22/04/24,10:06:23,ABC,0
22/04/24,10:06:24,ABC,0
22/04/24,10:06:25,ABC,0
22/04/24,10:06:26,ABC,0
22/04/24,10:06:27,ABC,0
22/04/24,10:06:28,ABC,775
22/04/24,10:06:29,ABC,0
22/04/24,10:06:30,ABC,0
22/04/24,10:06:31,ABC,0
22/04/24,10:06:32,ABC,0
22/04/24,10:06:33,ABC,0
22/04/24,10:06:34,ABC,8572
22/04/24,10:06:35,ABC,0
22/04/24,10:06:36,ABC,0
22/04/24,10:06:37,ABC,0
22/04/24,10:06:38,ABC,0
22/04/24,10:06:39,ABC,0
22/04/24,10:06:40,ABC,2281
22/04/24,10:06:41,ABC,0
22/04/24,10:06:42,ABC,0
22/04/24,10:06:43,ABC,0
22/04/24,10:06:44,ABC,0
22/04/24,10:06:45,ABC,0
22/04/24,10:06:46,ABC,0
22/04/24,10:06:47,ABC,6534
22/04/24,10:06:48,ABC,0
22/04/24,10:06:49,ABC,0
22/04/24,10:06:50,ABC,0
22/04/24,10:06:51,ABC,0
22/04/24,10:06:52,ABC,0
22/04/24,10:06:53,ABC,687
22/04/24,10:06:54,ABC,0
22/04/24,10:06:55,ABC,0
22/04/24,10:06:56,ABC,0
22/04/24,10:06:57,ABC,0
22/04/24,10:06:58,ABC,0
22/04/24,10:06:59,ABC,386
22/04/24,10:07:00,ABC,0
22/04/24,10:07:01,ABC,0
22/04/24,10:07:02,ABC,0
22/04/24,10:07:03,ABC,0
22/04/24,10:07:04,ABC,0
22/04/24,10:07:05,ABC,0
22/04/24,10:07:06,ABC,120
22/04/24,10:07:07,ABC,466
22/04/24,10:07:08,ABC,1598
22/04/24,10:07:09,ABC,1
22/04/24,10:07:10,ABC,2349
22/04/24,10:07:11,ABC,349
22/04/24,10:07:12,ABC,80
22/04/24,10:07:13,ABC,0
22/04/24,10:07:14,ABC,190
22/04/24,10:07:15,ABC,225
22/04/24,10:07:16,ABC,0
22/04/24,10:07:17,ABC,2566
22/04/24,10:07:18,ABC,48
22/04/24,10:07:19,ABC,6552
22/04/24,10:07:20,ABC,0
22/04/24,10:07:21,ABC,0
22/04/24,10:07:22,ABC,2007
22/04/24,10:07:23,ABC,0
22/04/24,10:07:24,ABC,19
22/04/24,10:07:25,ABC,200
22/04/24,10:07:26,ABC,2603
22/04/24,10:07:27,ABC,61
22/04/24,10:07:28,ABC,0
22/04/24,10:07:29,ABC,500
22/04/24,10:07:30,ABC,300
22/04/24,10:07:31,ABC,0
22/04/24,10:07:32,ABC,286
22/04/24,10:07:33,ABC,1
22/04/24,10:07:34,ABC,446
22/04/24,10:07:35,ABC,53
22/04/24,10:07:36,ABC,1078
22/04/24,10:07:37,ABC,29
22/04/24,10:07:38,ABC,20
22/04/24,10:07:39,ABC,86
22/04/24,10:07:40,ABC,3037
22/04/24,10:07:41,ABC,90
22/04/24,10:07:42,ABC,10
22/04/24,10:07:43,ABC,18
22/04/24,10:07:44,ABC,2491
22/04/24,10:07:45,ABC,134
22/04/24,10:07:46,ABC,0
22/04/24,10:07:47,ABC,36
22/04/24,10:07:48,ABC,225
22/04/24,10:07:49,ABC,0
22/04/24,10:07:50,ABC,0
22/04/24,10:07:51,ABC,0
22/04/24,10:07:52,ABC,128
22/04/24,10:07:53,ABC,400
22/04/24,10:07:54,ABC,56
22/04/24,10:07:55,ABC,0
22/04/24,10:07:56,ABC,1001
22/04/24,10:07:57,ABC,100
22/04/24,10:07:58,ABC,103
22/04/24,10:07:59,ABC,0
22/04/24,10:08:00,ABC,0
22/04/24,10:08:01,ABC,0
22/04/24,10:08:02,ABC,0
22/04/24,10:08:03,ABC,43
22/04/24,10:08:04,ABC,1
22/04/24,10:08:05,ABC,99
22/04/24,10:08:06,ABC,0
22/04/24,10:08:07,ABC,0
22/04/24,10:08:08,ABC,82
22/04/24,10:08:09,ABC,0
22/04/24,10:08:10,ABC,0
22/04/24,10:08:11,ABC,43
22/04/24,10:08:12,ABC,12
22/04/24,10:08:13,ABC,0
22/04/24,10:08:14,ABC,0
22/04/24,10:08:15,ABC,0
22/04/24,10:08:16,ABC,1537
22/04/24,10:08:17,ABC,24
22/04/24,10:08:18,ABC,45
22/04/24,10:08:19,ABC,0
22/04/24,10:08:20,ABC,10
22/04/24,10:08:21,ABC,73
22/04/24,10:08:22,ABC,10
22/04/24,10:08:23,ABC,0
22/04/24,10:08:24,ABC,0
22/04/24,10:08:25,ABC,0
22/04/24,10:08:26,ABC,0
22/04/24,10:08:27,ABC,72
22/04/24,10:08:28,ABC,0
22/04/24,10:08:29,ABC,1
22/04/24,10:08:30,ABC,0
22/04/24,10:08:31,ABC,0
22/04/24,10:08:32,ABC,0
22/04/24,10:08:33,ABC,0
22/04/24,10:08:34,ABC,9
22/04/24,10:08:35,ABC,50
22/04/24,10:08:36,ABC,0
22/04/24,10:08:37,ABC,322
22/04/24,10:08:38,ABC,0
22/04/24,10:08:39,ABC,0
22/04/24,10:08:40,ABC,0
22/04/24,10:08:41,ABC,0
22/04/24,10:08:42,ABC,0
22/04/24,10:08:43,ABC,27
22/04/24,10:08:44,ABC,0
22/04/24,10:08:45,ABC,0
22/04/24,10:08:46,ABC,1
22/04/24,10:08:47,ABC,106
22/04/24,10:08:48,ABC,0
22/04/24,10:08:49,ABC,70
22/04/24,10:08:50,ABC,0
22/04/24,10:08:51,ABC,10
22/04/24,10:08:52,ABC,0
22/04/24,10:08:53,ABC,0
22/04/24,10:08:54,ABC,0
22/04/24,10:08:55,ABC,0
22/04/24,10:08:56,ABC,0
22/04/24,10:08:57,ABC,50
22/04/24,10:08:58,ABC,0
22/04/24,10:08:59,ABC,50
22/04/24,10:09:00,ABC,0
22/04/24,10:09:01,ABC,0
22/04/24,10:09:02,ABC,24
22/04/24,10:09:03,ABC,0
22/04/24,10:09:04,ABC,0
22/04/24,10:09:05,ABC,3
22/04/24,10:09:06,ABC,0
22/04/24,10:09:07,ABC,0
22/04/24,10:09:08,ABC,0
22/04/24,10:09:09,ABC,0
22/04/24,10:09:10,ABC,0
22/04/24,10:09:11,ABC,0
22/04/24,10:09:12,ABC,0
22/04/24,10:09:13,ABC,0
22/04/24,10:09:14,ABC,175
22/04/24,10:09:15,ABC,0
22/04/24,10:09:16,ABC,0
22/04/24,10:09:17,ABC,0
22/04/24,10:09:18,ABC,0
22/04/24,10:09:19,ABC,0
22/04/24,10:09:20,ABC,0
22/04/24,10:09:21,ABC,102
22/04/24,10:09:22,ABC,0
22/04/24,10:09:23,ABC,0
22/04/24,10:09:24,ABC,0
22/04/24,10:09:25,ABC,0
22/04/24,10:09:26,ABC,0
22/04/24,10:09:27,ABC,150
22/04/24,10:09:28,ABC,0
22/04/24,10:09:29,ABC,0
22/04/24,10:09:30,ABC,0
22/04/24,10:09:31,ABC,0
22/04/24,10:09:32,ABC,0
22/04/24,10:09:33,ABC,0
22/04/24,10:09:34,ABC,362
22/04/24,10:09:35,ABC,0
22/04/24,10:09:36,ABC,0
22/04/24,10:09:37,ABC,0
22/04/24,10:09:38,ABC,0
22/04/24,10:09:39,ABC,0
22/04/24,10:09:40,ABC,4000
22/04/24,10:09:41,ABC,0
22/04/24,10:09:42,ABC,0
22/04/24,10:09:43,ABC,0
22/04/24,10:09:44,ABC,0
22/04/24,10:09:45,ABC,0
22/04/24,10:09:46,ABC,110
22/04/24,10:09:47,ABC,0
22/04/24,10:09:48,ABC,0
22/04/24,10:09:49,ABC,0
22/04/24,10:09:50,ABC,0
22/04/24,10:09:51,ABC,0
22/04/24,10:09:52,ABC,0
22/04/24,10:09:53,ABC,402
22/04/24,10:09:54,ABC,0
22/04/24,10:09:55,ABC,0
22/04/24,10:09:56,ABC,0
22/04/24,10:09:57,ABC,0
22/04/24,10:09:58,ABC,0
22/04/24,10:09:59,ABC,1114
22/04/24,10:10:00,ABC,0
22/04/24,10:10:01,ABC,0
22/04/24,10:10:02,ABC,0
22/04/24,10:10:03,ABC,0
22/04/24,10:10:04,ABC,0
22/04/24,10:10:05,ABC,468
22/04/24,10:10:06,ABC,0
22/04/24,10:10:07,ABC,0
22/04/24,10:10:08,ABC,0
22/04/24,10:10:09,ABC,0
22/04/24,10:10:10,ABC,0
22/04/24,10:10:11,ABC,0
22/04/24,10:10:12,ABC,2020
22/04/24,10:10:13,ABC,0
22/04/24,10:10:14,ABC,0
22/04/24,10:10:15,ABC,0
22/04/24,10:10:16,ABC,0
22/04/24,10:10:17,ABC,2053
22/04/24,10:10:18,ABC,0
22/04/24,10:10:19,ABC,0
22/04/24,10:10:20,ABC,0
22/04/24,10:10:21,ABC,0
22/04/24,10:10:22,ABC,0
22/04/24,10:10:23,ABC,458
22/04/24,10:10:24,ABC,0
22/04/24,10:10:25,ABC,0
22/04/24,10:10:26,ABC,0
22/04/24,10:10:27,ABC,0
22/04/24,10:10:28,ABC,0
22/04/24,10:10:29,ABC,0
22/04/24,10:10:30,ABC,675
22/04/24,10:10:31,ABC,0
22/04/24,10:10:32,ABC,0
22/04/24,10:10:33,ABC,0
22/04/24,10:10:34,ABC,0
22/04/24,10:10:35,ABC,0
22/04/24,10:10:36,ABC,139
22/04/24,10:10:37,ABC,0
22/04/24,10:10:38,ABC,0
22/04/24,10:10:39,ABC,0
22/04/24,10:10:40,ABC,0
22/04/24,10:10:41,ABC,0
22/04/24,10:10:42,ABC,562
22/04/24,10:10:43,ABC,0
22/04/24,10:10:44,ABC,0
22/04/24,10:10:45,ABC,0
22/04/24,10:10:46,ABC,0
22/04/24,10:10:47,ABC,0
22/04/24,10:10:48,ABC,0
22/04/24,10:10:49,ABC,700
22/04/24,10:10:50,ABC,0
22/04/24,10:10:51,ABC,0
22/04/24,10:10:52,ABC,0
22/04/24,10:10:53,ABC,0
22/04/24,10:10:54,ABC,0
22/04/24,10:10:55,ABC,15
22/04/24,10:10:56,ABC,0
22/04/24,10:10:57,ABC,0
22/04/24,10:10:58,ABC,0
22/04/24,10:10:59,ABC,0
22/04/24,10:11:00,ABC,0
22/04/24,10:11:01,ABC,279
22/04/24,10:11:02,ABC,0
22/04/24,10:11:03,ABC,0
22/04/24,10:11:04,ABC,0
22/04/24,10:11:05,ABC,0
22/04/24,10:11:06,ABC,0
22/04/24,10:11:07,ABC,1147
22/04/24,10:11:08,ABC,0
22/04/24,10:11:09,ABC,0
22/04/24,10:11:10,ABC,0
22/04/24,10:11:11,ABC,0
22/04/24,10:11:12,ABC,0
22/04/24,10:11:13,ABC,192
22/04/24,10:11:14,ABC,0
22/04/24,10:11:15,ABC,0
22/04/24,10:11:16,ABC,0
22/04/24,10:11:17,ABC,0
22/04/24,10:11:18,ABC,171
22/04/24,10:11:19,ABC,0
22/04/24,10:11:20,ABC,0
22/04/24,10:11:21,ABC,0
22/04/24,10:11:22,ABC,0
22/04/24,10:11:23,ABC,0
22/04/24,10:11:24,ABC,43
22/04/24,10:11:25,ABC,0
22/04/24,10:11:26,ABC,0
22/04/24,10:11:27,ABC,0
22/04/24,10:11:28,ABC,0
22/04/24,10:11:29,ABC,0
22/04/24,10:11:30,ABC,64
22/04/24,10:11:31,ABC,0
22/04/24,10:11:32,ABC,0
22/04/24,10:11:33,ABC,0
22/04/24,10:11:34,ABC,0
22/04/24,10:11:35,ABC,0
22/04/24,10:11:36,ABC,91
22/04/24,10:11:37,ABC,0
22/04/24,10:11:38,ABC,0
22/04/24,10:11:39,ABC,0
22/04/24,10:11:40,ABC,0
22/04/24,10:11:41,ABC,0
22/04/24,10:11:42,ABC,32
22/04/24,10:11:43,ABC,0
22/04/24,10:11:44,ABC,0
22/04/24,10:11:45,ABC,0
22/04/24,10:11:46,ABC,0
22/04/24,10:11:47,ABC,0
22/04/24,10:11:48,ABC,1195
22/04/24,10:11:49,ABC,0
22/04/24,10:11:50,ABC,0
22/04/24,10:11:51,ABC,0
22/04/24,10:11:52,ABC,0
22/04/24,10:11:53,ABC,0
22/04/24,10:11:54,ABC,372
22/04/24,10:11:55,ABC,0
22/04/24,10:11:56,ABC,0
22/04/24,10:11:57,ABC,0
22/04/24,10:11:58,ABC,0
22/04/24,10:11:59,ABC,0
22/04/24,10:12:00,ABC,0
22/04/24,10:12:01,ABC,497
22/04/24,10:12:02,ABC,0
22/04/24,10:12:03,ABC,0
22/04/24,10:12:04,ABC,0
22/04/24,10:12:05,ABC,0
22/04/24,10:12:06,ABC,0
22/04/24,10:12:07,ABC,129
22/04/24,10:12:08,ABC,0
22/04/24,10:12:09,ABC,0
22/04/24,10:12:10,ABC,0
22/04/24,10:12:11,ABC,0
22/04/24,10:12:12,ABC,0
22/04/24,10:12:13,ABC,266
22/04/24,10:12:14,ABC,0
22/04/24,10:12:15,ABC,0
22/04/24,10:12:16,ABC,0
22/04/24,10:12:17,ABC,0
22/04/24,10:12:18,ABC,0
22/04/24,10:12:19,ABC,131
22/04/24,10:12:20,ABC,0
22/04/24,10:12:21,ABC,0
22/04/24,10:12:22,ABC,0
22/04/24,10:12:23,ABC,0
22/04/24,10:12:24,ABC,0
22/04/24,10:12:25,ABC,0
22/04/24,10:12:26,ABC,315
22/04/24,10:12:27,ABC,0
22/04/24,10:12:28,ABC,0
22/04/24,10:12:29,ABC,0
22/04/24,10:12:30,ABC,0
22/04/24,10:12:31,ABC,0
22/04/24,10:12:32,ABC,2341
22/04/24,10:12:33,ABC,0
22/04/24,10:12:34,ABC,0
22/04/24,10:12:35,ABC,0
22/04/24,10:12:36,ABC,0
22/04/24,10:12:37,ABC,0
22/04/24,10:12:38,ABC,54
22/04/24,10:12:39,ABC,0
22/04/24,10:12:40,ABC,0
22/04/24,10:12:41,ABC,0
22/04/24,10:12:42,ABC,0
22/04/24,10:12:43,ABC,0
22/04/24,10:12:44,ABC,250
22/04/24,10:12:45,ABC,0
22/04/24,10:12:46,ABC,0
22/04/24,10:12:47,ABC,0
22/04/24,10:12:48,ABC,0
22/04/24,10:12:49,ABC,0
22/04/24,10:12:50,ABC,236
22/04/24,10:12:51,ABC,0
22/04/24,10:12:52,ABC,0
22/04/24,10:12:53,ABC,0
22/04/24,10:12:54,ABC,0
22/04/24,10:12:55,ABC,0
22/04/24,10:12:56,ABC,113
22/04/24,10:12:57,ABC,0
22/04/24,10:12:58,ABC,0
22/04/24,10:12:59,ABC,0
22/04/24,10:13:00,ABC,0
22/04/24,10:13:01,ABC,0
22/04/24,10:13:02,ABC,0
22/04/24,10:13:03,ABC,900
22/04/24,10:13:04,ABC,0
22/04/24,10:13:05,ABC,0
22/04/24,10:13:06,ABC,0
22/04/24,10:13:07,ABC,0
22/04/24,10:13:08,ABC,0
22/04/24,10:13:09,ABC,86
22/04/24,10:13:10,ABC,0
22/04/24,10:13:11,ABC,0
22/04/24,10:13:12,ABC,0
22/04/24,10:13:13,ABC,0
22/04/24,10:13:14,ABC,0
22/04/24,10:13:15,ABC,0
22/04/24,10:13:16,ABC,88
22/04/24,10:13:17,ABC,0
22/04/24,10:13:18,ABC,0
22/04/24,10:13:19,ABC,0
22/04/24,10:13:20,ABC,0
22/04/24,10:13:21,ABC,0
22/04/24,10:13:22,ABC,192
22/04/24,10:13:23,ABC,0
22/04/24,10:13:24,ABC,0
22/04/24,10:13:25,ABC,0
22/04/24,10:13:26,ABC,0
22/04/24,10:13:27,ABC,0
22/04/24,10:13:28,ABC,950
22/04/24,10:13:29,ABC,0
22/04/24,10:13:30,ABC,0
22/04/24,10:13:31,ABC,0
22/04/24,10:13:32,ABC,0
22/04/24,10:13:33,ABC,0
22/04/24,10:13:34,ABC,55
22/04/24,10:13:35,ABC,0
22/04/24,10:13:36,ABC,0
22/04/24,10:13:37,ABC,0
22/04/24,10:13:38,ABC,0
22/04/24,10:13:39,ABC,0
22/04/24,10:13:40,ABC,1014
22/04/24,10:13:41,ABC,0
22/04/24,10:13:42,ABC,0
22/04/24,10:13:43,ABC,0
22/04/24,10:13:44,ABC,0
22/04/24,10:13:45,ABC,0
22/04/24,10:13:46,ABC,544
22/04/24,10:13:47,ABC,0
22/04/24,10:13:48,ABC,0
22/04/24,10:13:49,ABC,0
22/04/24,10:13:50,ABC,0
22/04/24,10:13:51,ABC,0
22/04/24,10:13:52,ABC,60
22/04/24,10:13:53,ABC,0
22/04/24,10:13:54,ABC,0
22/04/24,10:13:55,ABC,0
22/04/24,10:13:56,ABC,0
22/04/24,10:13:57,ABC,0
22/04/24,10:13:58,ABC,958
22/04/24,10:13:59,ABC,0
22/04/24,10:14:00,ABC,0
22/04/24,10:14:01,ABC,0
22/04/24,10:14:02,ABC,0
22/04/24,10:14:03,ABC,0
22/04/24,10:14:04,ABC,0
22/04/24,10:14:05,ABC,288
22/04/24,10:14:06,ABC,0
22/04/24,10:14:07,ABC,0
22/04/24,10:14:08,ABC,0
22/04/24,10:14:09,ABC,0
22/04/24,10:14:10,ABC,0
22/04/24,10:14:11,ABC,19
22/04/24,10:14:12,ABC,0
22/04/24,10:14:13,ABC,0
22/04/24,10:14:14,ABC,0
22/04/24,10:14:15,ABC,0
22/04/24,10:14:16,ABC,0
22/04/24,10:14:17,ABC,200
22/04/24,10:14:18,ABC,0
22/04/24,10:14:19,ABC,0
22/04/24,10:14:20,ABC,0
22/04/24,10:14:21,ABC,0
22/04/24,10:14:22,ABC,0
22/04/24,10:14:23,ABC,700
22/04/24,10:14:24,ABC,0
22/04/24,10:14:25,ABC,0
22/04/24,10:14:26,ABC,0
22/04/24,10:14:27,ABC,0
22/04/24,10:14:28,ABC,0
22/04/24,10:14:29,ABC,365
22/04/24,10:14:30,ABC,0
22/04/24,10:14:31,ABC,0
22/04/24,10:14:32,ABC,0
22/04/24,10:14:33,ABC,0
22/04/24,10:14:34,ABC,0
22/04/24,10:14:35,ABC,0
22/04/24,10:14:36,ABC,5579
22/04/24,10:14:37,ABC,0
22/04/24,10:14:38,ABC,0
22/04/24,10:14:39,ABC,0
22/04/24,10:14:40,ABC,0
22/04/24,10:14:41,ABC,0
22/04/24,10:14:42,ABC,1007
22/04/24,10:14:43,ABC,0
22/04/24,10:14:44,ABC,0
22/04/24,10:14:45,ABC,0
22/04/24,10:14:46,ABC,0
22/04/24,10:14:47,ABC,0
22/04/24,10:14:48,ABC,0
22/04/24,10:14:49,ABC,357
22/04/24,10:14:50,ABC,0
22/04/24,10:14:51,ABC,0
22/04/24,10:14:52,ABC,0
22/04/24,10:14:53,ABC,0
22/04/24,10:14:54,ABC,0
22/04/24,10:14:55,ABC,92
22/04/24,10:14:56,ABC,0
22/04/24,10:14:57,ABC,0
22/04/24,10:14:58,ABC,0
22/04/24,10:14:59,ABC,0
22/04/24,10:15:00,ABC,0
22/04/24,10:15:01,ABC,0
22/04/24,10:15:02,ABC,357
22/04/24,10:15:03,ABC,0
22/04/24,10:15:04,ABC,0
22/04/24,10:15:05,ABC,0
22/04/24,10:15:06,ABC,123
22/04/24,10:15:07,ABC,0
22/04/24,10:15:08,ABC,27
22/04/24,10:15:09,ABC,0
22/04/24,10:15:10,ABC,0
22/04/24,10:15:11,ABC,0
22/04/24,10:15:12,ABC,0
22/04/24,10:15:13,ABC,6
22/04/24,10:15:14,ABC,0
22/04/24,10:15:15,ABC,0
22/04/24,10:15:16,ABC,0
22/04/24,10:15:17,ABC,0
22/04/24,10:15:18,ABC,46
22/04/24,10:15:19,ABC,0
22/04/24,10:15:20,ABC,0
22/04/24,10:15:21,ABC,5
22/04/24,10:15:22,ABC,550
22/04/24,10:15:23,ABC,0
22/04/24,10:15:24,ABC,0
22/04/24,10:15:25,ABC,0
22/04/24,10:15:26,ABC,152
22/04/24,10:15:27,ABC,0
22/04/24,10:15:28,ABC,50
22/04/24,10:15:29,ABC,89
22/04/24,10:15:30,ABC,0
22/04/24,10:15:31,ABC,114
22/04/24,10:15:32,ABC,0
22/04/24,10:15:33,ABC,0
22/04/24,10:15:34,ABC,0
22/04/24,10:15:35,ABC,5
22/04/24,10:15:36,ABC,0
22/04/24,10:15:37,ABC,13
22/04/24,10:15:38,ABC,22
22/04/24,10:15:39,ABC,301
22/04/24,10:15:40,ABC,0
22/04/24,10:15:41,ABC,0
22/04/24,10:15:42,ABC,0
22/04/24,10:15:43,ABC,101
22/04/24,10:15:44,ABC,0
22/04/24,10:15:45,ABC,1
22/04/24,10:15:46,ABC,0
22/04/24,10:15:47,ABC,100
22/04/24,10:15:48,ABC,0
22/04/24,10:15:49,ABC,0
22/04/24,10:15:50,ABC,1
22/04/24,10:15:51,ABC,0
22/04/24,10:15:52,ABC,20
22/04/24,10:15:53,ABC,659
22/04/24,10:15:54,ABC,8
22/04/24,10:15:55,ABC,0
22/04/24,10:15:56,ABC,0
22/04/24,10:15:57,ABC,0
22/04/24,10:15:58,ABC,0
22/04/24,10:15:59,ABC,100
22/04/24,10:16:00,ABC,0
22/04/24,10:16:01,ABC,0
22/04/24,10:16:02,ABC,0
22/04/24,10:16:03,ABC,250
22/04/24,10:16:04,ABC,1
22/04/24,10:16:05,ABC,0
22/04/24,10:16:06,ABC,0
22/04/24,10:16:07,ABC,0
22/04/24,10:16:08,ABC,0
22/04/24,10:16:09,ABC,0
22/04/24,10:16:10,ABC,0
22/04/24,10:16:11,ABC,0
22/04/24,10:16:12,ABC,0
22/04/24,10:16:13,ABC,868
22/04/24,10:16:14,ABC,0
22/04/24,10:16:15,ABC,0
22/04/24,10:16:16,ABC,0
22/04/24,10:16:17,ABC,0
22/04/24,10:16:18,ABC,0
22/04/24,10:16:19,ABC,87
22/04/24,10:16:20,ABC,0
22/04/24,10:16:21,ABC,0
22/04/24,10:16:22,ABC,0
22/04/24,10:16:23,ABC,0
22/04/24,10:16:24,ABC,0
22/04/24,10:16:25,ABC,7
22/04/24,10:16:26,ABC,0
22/04/24,10:16:27,ABC,0
22/04/24,10:16:28,ABC,0
22/04/24,10:16:29,ABC,0
22/04/24,10:16:30,ABC,146
22/04/24,10:16:31,ABC,0
22/04/24,10:16:32,ABC,0
22/04/24,10:16:33,ABC,0
22/04/24,10:16:34,ABC,0
22/04/24,10:16:35,ABC,0
22/04/24,10:16:36,ABC,272
22/04/24,10:16:37,ABC,0
22/04/24,10:16:38,ABC,0
22/04/24,10:16:39,ABC,0
22/04/24,10:16:40,ABC,0
22/04/24,10:16:41,ABC,0
22/04/24,10:16:42,ABC,4638
22/04/24,10:16:43,ABC,0
22/04/24,10:16:44,ABC,0
22/04/24,10:16:45,ABC,0
22/04/24,10:16:46,ABC,0
22/04/24,10:16:47,ABC,0
22/04/24,10:16:48,ABC,1
22/04/24,10:16:49,ABC,0
22/04/24,10:16:50,ABC,0
22/04/24,10:16:51,ABC,0
22/04/24,10:16:52,ABC,0
22/04/24,10:16:53,ABC,0
22/04/24,10:16:54,ABC,159
22/04/24,10:16:55,ABC,0
22/04/24,10:16:56,ABC,0
22/04/24,10:16:57,ABC,0
22/04/24,10:16:58,ABC,0
22/04/24,10:16:59,ABC,0
22/04/24,10:17:00,ABC,53
22/04/24,10:17:01,ABC,0
22/04/24,10:17:02,ABC,0
22/04/24,10:17:03,ABC,0
22/04/24,10:17:04,ABC,0
22/04/24,10:17:05,ABC,0
22/04/24,10:17:06,ABC,1344
22/04/24,10:17:07,ABC,0
22/04/24,10:17:08,ABC,0
22/04/24,10:17:09,ABC,0
22/04/24,10:17:10,ABC,189
22/04/24,10:17:11,ABC,40
22/04/24,10:17:12,ABC,273
22/04/24,10:17:13,ABC,0
22/04/24,10:17:14,ABC,0
22/04/24,10:17:15,ABC,0
22/04/24,10:17:16,ABC,2
22/04/24,10:17:17,ABC,0
22/04/24,10:17:18,ABC,4
22/04/24,10:17:19,ABC,1
22/04/24,10:17:20,ABC,399
22/04/24,10:17:21,ABC,1
22/04/24,10:17:22,ABC,0
22/04/24,10:17:23,ABC,0
22/04/24,10:17:24,ABC,0
22/04/24,10:17:25,ABC,250
22/04/24,10:17:26,ABC,0
22/04/24,10:17:27,ABC,0
22/04/24,10:17:28,ABC,0
22/04/24,10:17:29,ABC,0
22/04/24,10:17:30,ABC,0
22/04/24,10:17:31,ABC,6
22/04/24,10:17:32,ABC,0
22/04/24,10:17:33,ABC,0
22/04/24,10:17:34,ABC,0
22/04/24,10:17:35,ABC,21
22/04/24,10:17:36,ABC,0
22/04/24,10:17:37,ABC,0
22/04/24,10:17:38,ABC,0
22/04/24,10:17:39,ABC,0
22/04/24,10:17:40,ABC,0
22/04/24,10:17:41,ABC,112
22/04/24,10:17:42,ABC,0
22/04/24,10:17:43,ABC,0
22/04/24,10:17:44,ABC,2804
22/04/24,10:17:45,ABC,92
22/04/24,10:17:46,ABC,0
22/04/24,10:17:47,ABC,0
22/04/24,10:17:48,ABC,0
22/04/24,10:17:49,ABC,0
22/04/24,10:17:50,ABC,0
22/04/24,10:17:51,ABC,0
22/04/24,10:17:52,ABC,0
22/04/24,10:17:53,ABC,665
22/04/24,10:17:54,ABC,0
22/04/24,10:17:55,ABC,0
22/04/24,10:17:56,ABC,1
22/04/24,10:17:57,ABC,100
22/04/24,10:17:58,ABC,1
22/04/24,10:17:59,ABC,0
22/04/24,10:18:00,ABC,3
22/04/24,10:18:01,ABC,0
22/04/24,10:18:02,ABC,140
22/04/24,10:18:03,ABC,0
22/04/24,10:18:04,ABC,294
22/04/24,10:18:05,ABC,0
22/04/24,10:18:06,ABC,8
22/04/24,10:18:07,ABC,0
22/04/24,10:18:08,ABC,0
22/04/24,10:18:09,ABC,0
22/04/24,10:18:10,ABC,0
22/04/24,10:18:11,ABC,0
22/04/24,10:18:12,ABC,0
22/04/24,10:18:13,ABC,0
22/04/24,10:18:14,ABC,0
22/04/24,10:18:15,ABC,0
22/04/24,10:18:16,ABC,0
22/04/24,10:18:17,ABC,0
22/04/24,10:18:18,ABC,0
22/04/24,10:18:19,ABC,0
22/04/24,10:18:20,ABC,5
22/04/24,10:18:21,ABC,0
22/04/24,10:18:22,ABC,0
22/04/24,10:18:23,ABC,0
22/04/24,10:18:24,ABC,0
22/04/24,10:18:25,ABC,0
22/04/24,10:18:26,ABC,165
22/04/24,10:18:27,ABC,0
22/04/24,10:18:28,ABC,0
22/04/24,10:18:29,ABC,0
22/04/24,10:18:30,ABC,0
22/04/24,10:18:31,ABC,0
22/04/24,10:18:32,ABC,54
22/04/24,10:18:33,ABC,0
22/04/24,10:18:34,ABC,0
22/04/24,10:18:35,ABC,0
22/04/24,10:18:36,ABC,0
22/04/24,10:18:37,ABC,0
22/04/24,10:18:38,ABC,1585
22/04/24,10:18:39,ABC,0
22/04/24,10:18:40,ABC,0
22/04/24,10:18:41,ABC,0
22/04/24,10:18:42,ABC,0
22/04/24,10:18:43,ABC,0
22/04/24,10:18:44,ABC,2829
22/04/24,10:18:45,ABC,0
22/04/24,10:18:46,ABC,0
22/04/24,10:18:47,ABC,0
22/04/24,10:18:48,ABC,0
22/04/24,10:18:49,ABC,0
22/04/24,10:18:50,ABC,2066
22/04/24,10:18:51,ABC,0
22/04/24,10:18:52,ABC,0
22/04/24,10:18:53,ABC,0
22/04/24,10:18:54,ABC,0
22/04/24,10:18:55,ABC,0
22/04/24,10:18:56,ABC,41
22/04/24,10:18:57,ABC,0
22/04/24,10:18:58,ABC,0
22/04/24,10:18:59,ABC,0
22/04/24,10:19:00,ABC,0
22/04/24,10:19:01,ABC,0
22/04/24,10:19:02,ABC,183
22/04/24,10:19:03,ABC,0
22/04/24,10:19:04,ABC,0
22/04/24,10:19:05,ABC,0
22/04/24,10:19:06,ABC,0
22/04/24,10:19:07,ABC,213
22/04/24,10:19:08,ABC,0
22/04/24,10:19:09,ABC,0
22/04/24,10:19:10,ABC,0
22/04/24,10:19:11,ABC,0
22/04/24,10:19:12,ABC,0
22/04/24,10:19:13,ABC,51
22/04/24,10:19:14,ABC,0
22/04/24,10:19:15,ABC,0
22/04/24,10:19:16,ABC,0
22/04/24,10:19:17,ABC,0
22/04/24,10:19:18,ABC,59
22/04/24,10:19:19,ABC,0
22/04/24,10:19:20,ABC,0
22/04/24,10:19:21,ABC,0
22/04/24,10:19:22,ABC,0
22/04/24,10:19:23,ABC,0
22/04/24,10:19:24,ABC,244
22/04/24,10:19:25,ABC,0
22/04/24,10:19:26,ABC,0
22/04/24,10:19:27,ABC,0
22/04/24,10:19:28,ABC,0
22/04/24,10:19:29,ABC,0
22/04/24,10:19:30,ABC,155
22/04/24,10:19:31,ABC,0
22/04/24,10:19:32,ABC,0
22/04/24,10:19:33,ABC,0
22/04/24,10:19:34,ABC,0
22/04/24,10:19:35,ABC,79
22/04/24,10:19:36,ABC,0
22/04/24,10:19:37,ABC,0
22/04/24,10:19:38,ABC,0
22/04/24,10:19:39,ABC,0
22/04/24,10:19:40,ABC,0
22/04/24,10:19:41,ABC,548
22/04/24,10:19:42,ABC,0
22/04/24,10:19:43,ABC,0
22/04/24,10:19:44,ABC,0
22/04/24,10:19:45,ABC,0
22/04/24,10:19:46,ABC,0
22/04/24,10:19:47,ABC,11
22/04/24,10:19:48,ABC,0
22/04/24,10:19:49,ABC,0
22/04/24,10:19:50,ABC,0
22/04/24,10:19:51,ABC,0
22/04/24,10:19:52,ABC,0
22/04/24,10:19:53,ABC,996
22/04/24,10:19:54,ABC,0
22/04/24,10:19:55,ABC,0
22/04/24,10:19:56,ABC,0
22/04/24,10:19:57,ABC,0
22/04/24,10:19:58,ABC,0
22/04/24,10:19:59,ABC,0
22/04/24,10:20:00,ABC,0
22/04/24,10:20:01,ABC,0
22/04/24,10:20:02,ABC,0
22/04/24,10:20:03,ABC,0
22/04/24,10:20:04,ABC,0
22/04/24,10:20:05,ABC,0
22/04/24,10:20:06,ABC,0
22/04/24,10:20:07,ABC,0
22/04/24,10:20:08,ABC,0
22/04/24,10:20:09,ABC,0
22/04/24,10:20:10,ABC,0
22/04/24,10:20:11,ABC,50
22/04/24,10:20:12,ABC,0
22/04/24,10:20:13,ABC,0
22/04/24,10:20:14,ABC,0
22/04/24,10:20:15,ABC,0
22/04/24,10:20:16,ABC,0
22/04/24,10:20:17,ABC,0
22/04/24,10:20:18,ABC,0
22/04/24,10:20:19,ABC,0
22/04/24,10:20:20,ABC,0
22/04/24,10:20:21,ABC,0
22/04/24,10:20:22,ABC,0
22/04/24,10:20:23,ABC,0
22/04/24,10:20:24,ABC,0
22/04/24,10:20:25,ABC,0
22/04/24,10:20:26,ABC,0
22/04/24,10:20:27,ABC,0
22/04/24,10:20:28,ABC,0
22/04/24,10:20:29,ABC,104
22/04/24,10:20:30,ABC,0
22/04/24,10:20:31,ABC,0
22/04/24,10:20:32,ABC,0
22/04/24,10:20:33,ABC,0
22/04/24,10:20:34,ABC,0
22/04/24,10:20:35,ABC,655
22/04/24,10:20:36,ABC,0
22/04/24,10:20:37,ABC,0
22/04/24,10:20:38,ABC,0
22/04/24,10:20:39,ABC,0
22/04/24,10:20:40,ABC,0
22/04/24,10:20:41,ABC,25
22/04/24,10:20:42,ABC,0
22/04/24,10:20:43,ABC,0
22/04/24,10:20:44,ABC,0
22/04/24,10:20:45,ABC,0
22/04/24,10:20:46,ABC,0
22/04/24,10:20:47,ABC,9
22/04/24,10:20:48,ABC,0
22/04/24,10:20:49,ABC,0
22/04/24,10:20:50,ABC,0
22/04/24,10:20:51,ABC,0
22/04/24,10:20:52,ABC,0
22/04/24,10:20:53,ABC,25
22/04/24,10:20:54,ABC,0
22/04/24,10:20:55,ABC,0
22/04/24,10:20:56,ABC,0
22/04/24,10:20:57,ABC,0
22/04/24,10:20:58,ABC,0
22/04/24,10:20:59,ABC,51
22/04/24,10:21:00,ABC,0
22/04/24,10:21:01,ABC,0
22/04/24,10:21:02,ABC,0
22/04/24,10:21:03,ABC,0
22/04/24,10:21:04,ABC,50
22/04/24,10:21:05,ABC,0
22/04/24,10:21:06,ABC,0
22/04/24,10:21:07,ABC,0
22/04/24,10:21:08,ABC,0
22/04/24,10:21:09,ABC,0
22/04/24,10:21:10,ABC,3
22/04/24,10:21:11,ABC,0
22/04/24,10:21:12,ABC,0
22/04/24,10:21:13,ABC,0
22/04/24,10:21:14,ABC,0
22/04/24,10:21:15,ABC,0
22/04/24,10:21:16,ABC,71
22/04/24,10:21:17,ABC,0
22/04/24,10:21:18,ABC,0
22/04/24,10:21:19,ABC,0
22/04/24,10:21:20,ABC,0
22/04/24,10:21:21,ABC,0
22/04/24,10:21:22,ABC,0
22/04/24,10:21:23,ABC,0
22/04/24,10:21:24,ABC,0
22/04/24,10:21:25,ABC,0
22/04/24,10:21:26,ABC,0
22/04/24,10:21:27,ABC,0
22/04/24,10:21:28,ABC,1920
22/04/24,10:21:29,ABC,0
22/04/24,10:21:30,ABC,0
22/04/24,10:21:31,ABC,0
22/04/24,10:21:32,ABC,0
22/04/24,10:21:33,ABC,0
22/04/24,10:21:34,ABC,1294
22/04/24,10:21:35,ABC,0
22/04/24,10:21:36,ABC,0
22/04/24,10:21:37,ABC,0
22/04/24,10:21:38,ABC,0
22/04/24,10:21:39,ABC,0
22/04/24,10:21:40,ABC,60
22/04/24,10:21:41,ABC,0
22/04/24,10:21:42,ABC,0
22/04/24,10:21:43,ABC,0
22/04/24,10:21:44,ABC,0
22/04/24,10:21:45,ABC,0
22/04/24,10:21:46,ABC,230
22/04/24,10:21:47,ABC,0
22/04/24,10:21:48,ABC,0
22/04/24,10:21:49,ABC,0
22/04/24,10:21:50,ABC,0
22/04/24,10:21:51,ABC,0
22/04/24,10:21:52,ABC,1362
22/04/24,10:21:53,ABC,0
22/04/24,10:21:54,ABC,0
22/04/24,10:21:55,ABC,0
22/04/24,10:21:56,ABC,0
22/04/24,10:21:57,ABC,0
22/04/24,10:21:58,ABC,1
22/04/24,10:21:59,ABC,0
22/04/24,10:22:00,ABC,0
22/04/24,10:22:01,ABC,0
22/04/24,10:22:02,ABC,0
22/04/24,10:22:03,ABC,0
22/04/24,10:22:04,ABC,10
22/04/24,10:22:05,ABC,0
22/04/24,10:22:06,ABC,650
22/04/24,10:22:07,ABC,19
22/04/24,10:22:08,ABC,0
22/04/24,10:22:09,ABC,0
22/04/24,10:22:10,ABC,0
22/04/24,10:22:11,ABC,36
22/04/24,10:22:12,ABC,0
22/04/24,10:22:13,ABC,0
22/04/24,10:22:14,ABC,0
22/04/24,10:22:15,ABC,0
22/04/24,10:22:16,ABC,0
22/04/24,10:22:17,ABC,1
22/04/24,10:22:18,ABC,7
22/04/24,10:22:19,ABC,0
22/04/24,10:22:20,ABC,0
22/04/24,10:22:21,ABC,0
22/04/24,10:22:22,ABC,0
22/04/24,10:22:23,ABC,0
22/04/24,10:22:24,ABC,0
22/04/24,10:22:25,ABC,0
22/04/24,10:22:26,ABC,0
22/04/24,10:22:27,ABC,0
22/04/24,10:22:28,ABC,0
22/04/24,10:22:29,ABC,0
22/04/24,10:22:30,ABC,0
22/04/24,10:22:31,ABC,0
22/04/24,10:22:32,ABC,29
22/04/24,10:22:33,ABC,0
22/04/24,10:22:34,ABC,0
22/04/24,10:22:35,ABC,0
22/04/24,10:22:36,ABC,0
22/04/24,10:22:37,ABC,0
22/04/24,10:22:38,ABC,0
22/04/24,10:22:39,ABC,0
22/04/24,10:22:40,ABC,0
22/04/24,10:22:41,ABC,0
22/04/24,10:22:42,ABC,0
22/04/24,10:22:43,ABC,3094
22/04/24,10:22:44,ABC,0
22/04/24,10:22:45,ABC,0
22/04/24,10:22:46,ABC,277
22/04/24,10:22:47,ABC,506
22/04/24,10:22:48,ABC,0
22/04/24,10:22:49,ABC,0
22/04/24,10:22:50,ABC,0
22/04/24,10:22:51,ABC,20
22/04/24,10:22:52,ABC,0
22/04/24,10:22:53,ABC,29
22/04/24,10:22:54,ABC,0
22/04/24,10:22:55,ABC,531
22/04/24,10:22:56,ABC,103
22/04/24,10:22:57,ABC,0
22/04/24,10:22:58,ABC,9
22/04/24,10:22:59,ABC,0
22/04/24,10:23:00,ABC,0
22/04/24,10:23:01,ABC,122
22/04/24,10:23:02,ABC,0
22/04/24,10:23:03,ABC,252
22/04/24,10:23:04,ABC,0
22/04/24,10:23:05,ABC,44
22/04/24,10:23:06,ABC,0
22/04/24,10:23:07,ABC,0
22/04/24,10:23:08,ABC,0
22/04/24,10:23:09,ABC,0
22/04/24,10:23:10,ABC,0
22/04/24,10:23:11,ABC,0
22/04/24,10:23:12,ABC,1842
22/04/24,10:23:13,ABC,0
22/04/24,10:23:14,ABC,0
22/04/24,10:23:15,ABC,0
22/04/24,10:23:16,ABC,0
22/04/24,10:23:17,ABC,0
22/04/24,10:23:18,ABC,151
22/04/24,10:23:19,ABC,0
22/04/24,10:23:20,ABC,0
22/04/24,10:23:21,ABC,0
22/04/24,10:23:22,ABC,0
22/04/24,10:23:23,ABC,0
22/04/24,10:23:24,ABC,421
22/04/24,10:23:25,ABC,0
22/04/24,10:23:26,ABC,0
22/04/24,10:23:27,ABC,0
22/04/24,10:23:28,ABC,0
22/04/24,10:23:29,ABC,0
22/04/24,10:23:30,ABC,51
22/04/24,10:23:31,ABC,0
22/04/24,10:23:32,ABC,0
22/04/24,10:23:33,ABC,0
22/04/24,10:23:34,ABC,0
22/04/24,10:23:35,ABC,0
22/04/24,10:23:36,ABC,277
22/04/24,10:23:37,ABC,0
22/04/24,10:23:38,ABC,0
22/04/24,10:23:39,ABC,0
22/04/24,10:23:40,ABC,0
22/04/24,10:23:41,ABC,0
22/04/24,10:23:42,ABC,58
22/04/24,10:23:43,ABC,0
22/04/24,10:23:44,ABC,0
22/04/24,10:23:45,ABC,0
22/04/24,10:23:46,ABC,0
22/04/24,10:23:47,ABC,0
22/04/24,10:23:48,ABC,100
22/04/24,10:23:49,ABC,0
22/04/24,10:23:50,ABC,0
22/04/24,10:23:51,ABC,0
22/04/24,10:23:52,ABC,0
22/04/24,10:23:53,ABC,0
22/04/24,10:23:54,ABC,1
22/04/24,10:23:55,ABC,0
22/04/24,10:23:56,ABC,0
22/04/24,10:23:57,ABC,0
22/04/24,10:23:58,ABC,0
22/04/24,10:23:59,ABC,25
22/04/24,10:24:00,ABC,0
22/04/24,10:24:01,ABC,0
22/04/24,10:24:02,ABC,0
22/04/24,10:24:03,ABC,0
22/04/24,10:24:04,ABC,0
22/04/24,10:24:05,ABC,60
22/04/24,10:24:06,ABC,0
22/04/24,10:24:07,ABC,0
22/04/24,10:24:08,ABC,0
22/04/24,10:24:09,ABC,0
22/04/24,10:24:10,ABC,0
22/04/24,10:24:11,ABC,500
22/04/24,10:24:12,ABC,0
22/04/24,10:24:13,ABC,0
22/04/24,10:24:14,ABC,0
22/04/24,10:24:15,ABC,0
22/04/24,10:24:16,ABC,0
22/04/24,10:24:17,ABC,0
22/04/24,10:24:18,ABC,0
22/04/24,10:24:19,ABC,0
22/04/24,10:24:20,ABC,0
22/04/24,10:24:21,ABC,0
22/04/24,10:24:22,ABC,123
22/04/24,10:24:23,ABC,0
22/04/24,10:24:24,ABC,0
