Date,Time,Stock Name,Last Traded Quantity
19-04-2024,09:15:04,ABC,10804
19-04-2024,09:15:05,ABC,0
19-04-2024,09:15:06,ABC,0
19-04-2024,09:15:07,ABC,0
19-04-2024,09:15:08,ABC,0
19-04-2024,09:15:09,ABC,0
19-04-2024,09:15:10,ABC,0
19-04-2024,09:15:11,ABC,0
19-04-2024,09:15:12,ABC,0
19-04-2024,09:15:13,ABC,958
19-04-2024,09:15:14,ABC,0
19-04-2024,09:15:15,ABC,0
19-04-2024,09:15:16,ABC,0
19-04-2024,09:15:17,ABC,0
19-04-2024,09:15:18,ABC,0
19-04-2024,09:15:19,ABC,0
19-04-2024,09:15:20,ABC,162
19-04-2024,09:15:21,ABC,0
19-04-2024,09:15:22,ABC,0
19-04-2024,09:15:23,ABC,0
19-04-2024,09:15:24,ABC,0
19-04-2024,09:15:25,ABC,0
19-04-2024,09:15:26,ABC,0
19-04-2024,09:15:27,ABC,1044
19-04-2024,09:15:28,ABC,0
19-04-2024,09:15:29,ABC,0
19-04-2024,09:15:30,ABC,0
19-04-2024,09:15:31,ABC,0
19-04-2024,09:15:32,ABC,0
19-04-2024,09:15:33,ABC,0
19-04-2024,09:15:34,ABC,2373
19-04-2024,09:15:35,ABC,0
19-04-2024,09:15:36,ABC,0
19-04-2024,09:15:37,ABC,0
19-04-2024,09:15:38,ABC,0
19-04-2024,09:15:39,ABC,0
19-04-2024,09:15:40,ABC,2912
19-04-2024,09:15:41,ABC,0
19-04-2024,09:15:42,ABC,0
19-04-2024,09:15:43,ABC,0
19-04-2024,09:15:44,ABC,0
19-04-2024,09:15:45,ABC,0
19-04-2024,09:15:46,ABC,0
19-04-2024,09:15:47,ABC,294
19-04-2024,09:15:48,ABC,0
19-04-2024,09:15:49,ABC,0
19-04-2024,09:15:50,ABC,0
19-04-2024,09:15:51,ABC,0
19-04-2024,09:15:52,ABC,0
19-04-2024,09:15:53,ABC,961
19-04-2024,09:15:54,ABC,0
19-04-2024,09:15:55,ABC,0
19-04-2024,09:15:56,ABC,0
19-04-2024,09:15:57,ABC,0
19-04-2024,09:15:58,ABC,0
19-04-2024,09:15:59,ABC,1100
19-04-2024,09:16:00,ABC,0
19-04-2024,09:16:01,ABC,0
19-04-2024,09:16:02,ABC,0
19-04-2024,09:16:03,ABC,0
19-04-2024,09:16:04,ABC,0
19-04-2024,09:16:05,ABC,0
19-04-2024,09:16:06,ABC,855
19-04-2024,09:16:07,ABC,0
19-04-2024,09:16:08,ABC,0
19-04-2024,09:16:09,ABC,0
19-04-2024,09:16:10,ABC,0
19-04-2024,09:16:11,ABC,0
19-04-2024,09:16:12,ABC,0
19-04-2024,09:16:13,ABC,1075
19-04-2024,09:16:14,ABC,0
19-04-2024,09:16:15,ABC,0
19-04-2024,09:16:16,ABC,0
19-04-2024,09:16:17,ABC,0
19-04-2024,09:16:18,ABC,0
19-04-2024,09:16:19,ABC,0
19-04-2024,09:16:20,ABC,0
19-04-2024,09:16:21,ABC,0
19-04-2024,09:16:22,ABC,334
19-04-2024,09:16:23,ABC,0
19-04-2024,09:16:24,ABC,0
19-04-2024,09:16:25,ABC,0
19-04-2024,09:16:26,ABC,0
19-04-2024,09:16:27,ABC,0
19-04-2024,09:16:28,ABC,0
19-04-2024,09:16:29,ABC,0
19-04-2024,09:16:30,ABC,0
19-04-2024,09:16:31,ABC,0
19-04-2024,09:16:32,ABC,3500
19-04-2024,09:16:33,ABC,0
19-04-2024,09:16:34,ABC,0
19-04-2024,09:16:35,ABC,0
19-04-2024,09:16:36,ABC,0
19-04-2024,09:16:37,ABC,0
19-04-2024,09:16:38,ABC,0
19-04-2024,09:16:39,ABC,0
19-04-2024,09:16:40,ABC,0
19-04-2024,09:16:41,ABC,2271
19-04-2024,09:16:42,ABC,0
19-04-2024,09:16:43,ABC,0
19-04-2024,09:16:44,ABC,0
19-04-2024,09:16:45,ABC,0
19-04-2024,09:16:46,ABC,0
19-04-2024,09:16:47,ABC,0
19-04-2024,09:16:48,ABC,0
19-04-2024,09:16:49,ABC,0
19-04-2024,09:16:50,ABC,1642
19-04-2024,09:16:51,ABC,0
19-04-2024,09:16:52,ABC,0
19-04-2024,09:16:53,ABC,0
19-04-2024,09:16:54,ABC,0
19-04-2024,09:16:55,ABC,0
19-04-2024,09:16:56,ABC,0
19-04-2024,09:16:57,ABC,0
19-04-2024,09:16:58,ABC,0
19-04-2024,09:16:59,ABC,931
19-04-2024,09:17:00,ABC,0
19-04-2024,09:17:01,ABC,0
19-04-2024,09:17:02,ABC,0
19-04-2024,09:17:03,ABC,0
19-04-2024,09:17:04,ABC,0
19-04-2024,09:17:05,ABC,0
19-04-2024,09:17:06,ABC,0
19-04-2024,09:17:07,ABC,941
19-04-2024,09:17:08,ABC,0
19-04-2024,09:17:09,ABC,0
19-04-2024,09:17:10,ABC,0
19-04-2024,09:17:11,ABC,0
19-04-2024,09:17:12,ABC,0
19-04-2024,09:17:13,ABC,0
19-04-2024,09:17:14,ABC,0
19-04-2024,09:17:15,ABC,0
19-04-2024,09:17:16,ABC,3721
19-04-2024,09:17:17,ABC,0
19-04-2024,09:17:18,ABC,0
19-04-2024,09:17:19,ABC,0
19-04-2024,09:17:20,ABC,0
19-04-2024,09:17:21,ABC,0
19-04-2024,09:17:22,ABC,0
19-04-2024,09:17:23,ABC,0
19-04-2024,09:17:24,ABC,0
19-04-2024,09:17:25,ABC,425
19-04-2024,09:17:26,ABC,0
19-04-2024,09:17:27,ABC,0
19-04-2024,09:17:28,ABC,0
19-04-2024,09:17:29,ABC,0
19-04-2024,09:17:30,ABC,0
19-04-2024,09:17:31,ABC,0
19-04-2024,09:17:32,ABC,0
19-04-2024,09:17:33,ABC,0
19-04-2024,09:17:34,ABC,2104
19-04-2024,09:17:35,ABC,0
19-04-2024,09:17:36,ABC,0
19-04-2024,09:17:37,ABC,0
19-04-2024,09:17:38,ABC,0
19-04-2024,09:17:39,ABC,0
19-04-2024,09:17:40,ABC,0
19-04-2024,09:17:41,ABC,0
19-04-2024,09:17:42,ABC,0
19-04-2024,09:17:43,ABC,1697
19-04-2024,09:17:44,ABC,0
19-04-2024,09:17:45,ABC,0
19-04-2024,09:17:46,ABC,0
19-04-2024,09:17:47,ABC,0
19-04-2024,09:17:48,ABC,0
19-04-2024,09:17:49,ABC,0
19-04-2024,09:17:50,ABC,0
19-04-2024,09:17:51,ABC,0
19-04-2024,09:17:52,ABC,2584
19-04-2024,09:17:53,ABC,0
19-04-2024,09:17:54,ABC,0
19-04-2024,09:17:55,ABC,0
19-04-2024,09:17:56,ABC,0
19-04-2024,09:17:57,ABC,0
19-04-2024,09:17:58,ABC,0
19-04-2024,09:17:59,ABC,0
19-04-2024,09:18:00,ABC,1748
19-04-2024,09:18:01,ABC,0
19-04-2024,09:18:02,ABC,0
19-04-2024,09:18:03,ABC,0
19-04-2024,09:18:04,ABC,0
19-04-2024,09:18:05,ABC,0
19-04-2024,09:18:06,ABC,0
19-04-2024,09:18:07,ABC,0
19-04-2024,09:18:08,ABC,0
19-04-2024,09:18:09,ABC,877
19-04-2024,09:18:10,ABC,0
19-04-2024,09:18:11,ABC,0
19-04-2024,09:18:12,ABC,0
19-04-2024,09:18:13,ABC,0
19-04-2024,09:18:14,ABC,0
19-04-2024,09:18:15,ABC,0
19-04-2024,09:18:16,ABC,0
19-04-2024,09:18:17,ABC,0
19-04-2024,09:18:18,ABC,3263
19-04-2024,09:18:19,ABC,0
19-04-2024,09:18:20,ABC,0
19-04-2024,09:18:21,ABC,0
19-04-2024,09:18:22,ABC,0
19-04-2024,09:18:23,ABC,0
19-04-2024,09:18:24,ABC,0
19-04-2024,09:18:25,ABC,0
19-04-2024,09:18:26,ABC,383
19-04-2024,09:18:27,ABC,0
19-04-2024,09:18:28,ABC,0
19-04-2024,09:18:29,ABC,0
19-04-2024,09:18:30,ABC,0
19-04-2024,09:18:31,ABC,0
19-04-2024,09:18:32,ABC,0
19-04-2024,09:18:33,ABC,0
19-04-2024,09:18:34,ABC,4983
19-04-2024,09:18:35,ABC,0
19-04-2024,09:18:36,ABC,0
19-04-2024,09:18:37,ABC,0
19-04-2024,09:18:38,ABC,0
19-04-2024,09:18:39,ABC,0
19-04-2024,09:18:40,ABC,0
19-04-2024,09:18:41,ABC,0
19-04-2024,09:18:42,ABC,2002
19-04-2024,09:18:43,ABC,0
19-04-2024,09:18:44,ABC,0
19-04-2024,09:18:45,ABC,0
19-04-2024,09:18:46,ABC,0
19-04-2024,09:18:47,ABC,0
19-04-2024,09:18:48,ABC,0
19-04-2024,09:18:49,ABC,0
19-04-2024,09:18:50,ABC,2180
19-04-2024,09:18:51,ABC,0
19-04-2024,09:18:52,ABC,0
19-04-2024,09:18:53,ABC,0
19-04-2024,09:18:54,ABC,0
19-04-2024,09:18:55,ABC,0
19-04-2024,09:18:56,ABC,0
19-04-2024,09:18:57,ABC,0
19-04-2024,09:18:58,ABC,958
19-04-2024,09:18:59,ABC,0
19-04-2024,09:19:00,ABC,0
19-04-2024,09:19:01,ABC,0
19-04-2024,09:19:02,ABC,0
19-04-2024,09:19:03,ABC,0
19-04-2024,09:19:04,ABC,0
19-04-2024,09:19:05,ABC,0
19-04-2024,09:19:06,ABC,0
19-04-2024,09:19:07,ABC,765
19-04-2024,09:19:08,ABC,0
19-04-2024,09:19:09,ABC,0
19-04-2024,09:19:10,ABC,0
19-04-2024,09:19:11,ABC,0
19-04-2024,09:19:12,ABC,0
19-04-2024,09:19:13,ABC,0
19-04-2024,09:19:14,ABC,1054
19-04-2024,09:19:15,ABC,0
19-04-2024,09:19:16,ABC,0
19-04-2024,09:19:17,ABC,0
19-04-2024,09:19:18,ABC,0
19-04-2024,09:19:19,ABC,0
19-04-2024,09:19:20,ABC,0
19-04-2024,09:19:21,ABC,0
19-04-2024,09:19:22,ABC,727
19-04-2024,09:19:23,ABC,0
19-04-2024,09:19:24,ABC,0
19-04-2024,09:19:25,ABC,0
19-04-2024,09:19:26,ABC,0
19-04-2024,09:19:27,ABC,0
19-04-2024,09:19:28,ABC,0
19-04-2024,09:19:29,ABC,0
19-04-2024,09:19:30,ABC,918
19-04-2024,09:19:31,ABC,0
19-04-2024,09:19:32,ABC,0
19-04-2024,09:19:33,ABC,0
19-04-2024,09:19:34,ABC,0
19-04-2024,09:19:35,ABC,0
19-04-2024,09:19:36,ABC,0
19-04-2024,09:19:37,ABC,0
19-04-2024,09:19:38,ABC,65
19-04-2024,09:19:39,ABC,0
19-04-2024,09:19:40,ABC,0
19-04-2024,09:19:41,ABC,0
19-04-2024,09:19:42,ABC,0
19-04-2024,09:19:43,ABC,0
19-04-2024,09:19:44,ABC,0
19-04-2024,09:19:45,ABC,0
19-04-2024,09:19:46,ABC,416
19-04-2024,09:19:47,ABC,0
19-04-2024,09:19:48,ABC,0
19-04-2024,09:19:49,ABC,0
19-04-2024,09:19:50,ABC,0
19-04-2024,09:19:51,ABC,0
19-04-2024,09:19:52,ABC,0
19-04-2024,09:19:53,ABC,0
19-04-2024,09:19:54,ABC,1069
19-04-2024,09:19:55,ABC,0
19-04-2024,09:19:56,ABC,0
19-04-2024,09:19:57,ABC,0
19-04-2024,09:19:58,ABC,0
19-04-2024,09:19:59,ABC,0
19-04-2024,09:20:00,ABC,0
19-04-2024,09:20:01,ABC,0
19-04-2024,09:20:02,ABC,144
19-04-2024,09:20:03,ABC,0
19-04-2024,09:20:04,ABC,0
19-04-2024,09:20:05,ABC,0
19-04-2024,09:20:06,ABC,0
19-04-2024,09:20:07,ABC,0
19-04-2024,09:20:08,ABC,0
19-04-2024,09:20:09,ABC,0
19-04-2024,09:20:10,ABC,0
19-04-2024,09:20:11,ABC,1627
19-04-2024,09:20:12,ABC,0
19-04-2024,09:20:13,ABC,0
19-04-2024,09:20:14,ABC,0
19-04-2024,09:20:15,ABC,0
19-04-2024,09:20:16,ABC,0
19-04-2024,09:20:17,ABC,0
19-04-2024,09:20:18,ABC,0
19-04-2024,09:20:19,ABC,1993
19-04-2024,09:20:20,ABC,0
19-04-2024,09:20:21,ABC,0
19-04-2024,09:20:22,ABC,0
19-04-2024,09:20:23,ABC,0
19-04-2024,09:20:24,ABC,0
19-04-2024,09:20:25,ABC,0
19-04-2024,09:20:26,ABC,0
19-04-2024,09:20:27,ABC,525
19-04-2024,09:20:28,ABC,0
19-04-2024,09:20:29,ABC,0
19-04-2024,09:20:30,ABC,0
19-04-2024,09:20:31,ABC,0
19-04-2024,09:20:32,ABC,0
19-04-2024,09:20:33,ABC,0
19-04-2024,09:20:34,ABC,0
19-04-2024,09:20:35,ABC,326
19-04-2024,09:20:36,ABC,0
19-04-2024,09:20:37,ABC,0
19-04-2024,09:20:38,ABC,0
19-04-2024,09:20:39,ABC,0
19-04-2024,09:20:40,ABC,0
19-04-2024,09:20:41,ABC,0
19-04-2024,09:20:42,ABC,0
19-04-2024,09:20:43,ABC,2880
19-04-2024,09:20:44,ABC,0
19-04-2024,09:20:45,ABC,0
19-04-2024,09:20:46,ABC,0
19-04-2024,09:20:47,ABC,0
19-04-2024,09:20:48,ABC,0
19-04-2024,09:20:49,ABC,0
19-04-2024,09:20:50,ABC,0
19-04-2024,09:20:51,ABC,2267
19-04-2024,09:20:52,ABC,0
19-04-2024,09:20:53,ABC,0
19-04-2024,09:20:54,ABC,0
19-04-2024,09:20:55,ABC,0
19-04-2024,09:20:56,ABC,0
19-04-2024,09:20:57,ABC,0
19-04-2024,09:20:58,ABC,0
19-04-2024,09:20:59,ABC,2698
19-04-2024,09:21:00,ABC,0
19-04-2024,09:21:01,ABC,0
19-04-2024,09:21:02,ABC,0
19-04-2024,09:21:03,ABC,0
19-04-2024,09:21:04,ABC,0
19-04-2024,09:21:05,ABC,0
19-04-2024,09:21:06,ABC,0
19-04-2024,09:21:07,ABC,2544
19-04-2024,09:21:08,ABC,0
19-04-2024,09:21:09,ABC,0
19-04-2024,09:21:10,ABC,0
19-04-2024,09:21:11,ABC,0
19-04-2024,09:21:12,ABC,0
19-04-2024,09:21:13,ABC,0
19-04-2024,09:21:14,ABC,0
19-04-2024,09:21:15,ABC,1270
19-04-2024,09:21:16,ABC,0
19-04-2024,09:21:17,ABC,0
19-04-2024,09:21:18,ABC,0
19-04-2024,09:21:19,ABC,0
19-04-2024,09:21:20,ABC,0
19-04-2024,09:21:21,ABC,0
19-04-2024,09:21:22,ABC,0
19-04-2024,09:21:23,ABC,2054
19-04-2024,09:21:24,ABC,0
19-04-2024,09:21:25,ABC,0
19-04-2024,09:21:26,ABC,0
19-04-2024,09:21:27,ABC,0
19-04-2024,09:21:28,ABC,0
19-04-2024,09:21:29,ABC,0
19-04-2024,09:21:30,ABC,0
19-04-2024,09:21:31,ABC,1203
19-04-2024,09:21:32,ABC,0
19-04-2024,09:21:33,ABC,0
19-04-2024,09:21:34,ABC,0
19-04-2024,09:21:35,ABC,0
19-04-2024,09:21:36,ABC,0
19-04-2024,09:21:37,ABC,0
19-04-2024,09:21:38,ABC,0
19-04-2024,09:21:39,ABC,1442
19-04-2024,09:21:40,ABC,0
19-04-2024,09:21:41,ABC,0
19-04-2024,09:21:42,ABC,0
19-04-2024,09:21:43,ABC,0
19-04-2024,09:21:44,ABC,0
19-04-2024,09:21:45,ABC,0
19-04-2024,09:21:46,ABC,0
19-04-2024,09:21:47,ABC,1550
19-04-2024,09:21:48,ABC,0
19-04-2024,09:21:49,ABC,0
19-04-2024,09:21:50,ABC,0
19-04-2024,09:21:51,ABC,0
19-04-2024,09:21:52,ABC,0
19-04-2024,09:21:53,ABC,0
19-04-2024,09:21:54,ABC,0
19-04-2024,09:21:55,ABC,649
19-04-2024,09:21:56,ABC,0
19-04-2024,09:21:57,ABC,0
19-04-2024,09:21:58,ABC,0
19-04-2024,09:21:59,ABC,0
19-04-2024,09:22:00,ABC,0
19-04-2024,09:22:01,ABC,0
19-04-2024,09:22:02,ABC,0
19-04-2024,09:22:03,ABC,524
19-04-2024,09:22:04,ABC,0
19-04-2024,09:22:05,ABC,0
19-04-2024,09:22:06,ABC,0
19-04-2024,09:22:07,ABC,0
19-04-2024,09:22:08,ABC,0
19-04-2024,09:22:09,ABC,0
19-04-2024,09:22:10,ABC,0
19-04-2024,09:22:11,ABC,655
19-04-2024,09:22:12,ABC,0
19-04-2024,09:22:13,ABC,0
19-04-2024,09:22:14,ABC,0
19-04-2024,09:22:15,ABC,0
19-04-2024,09:22:16,ABC,0
19-04-2024,09:22:17,ABC,0
19-04-2024,09:22:18,ABC,0
19-04-2024,09:22:19,ABC,489
19-04-2024,09:22:20,ABC,0
19-04-2024,09:22:21,ABC,0
19-04-2024,09:22:22,ABC,0
19-04-2024,09:22:23,ABC,0
19-04-2024,09:22:24,ABC,0
19-04-2024,09:22:25,ABC,0
19-04-2024,09:22:26,ABC,0
19-04-2024,09:22:27,ABC,438
19-04-2024,09:22:28,ABC,0
19-04-2024,09:22:29,ABC,0
19-04-2024,09:22:30,ABC,0
19-04-2024,09:22:31,ABC,0
19-04-2024,09:22:32,ABC,0
19-04-2024,09:22:33,ABC,0
19-04-2024,09:22:34,ABC,0
19-04-2024,09:22:35,ABC,295
19-04-2024,09:22:36,ABC,0
19-04-2024,09:22:37,ABC,0
19-04-2024,09:22:38,ABC,0
19-04-2024,09:22:39,ABC,0
19-04-2024,09:22:40,ABC,0
19-04-2024,09:22:41,ABC,0
19-04-2024,09:22:42,ABC,757
19-04-2024,09:22:43,ABC,0
19-04-2024,09:22:44,ABC,0
19-04-2024,09:22:45,ABC,0
19-04-2024,09:22:46,ABC,0
19-04-2024,09:22:47,ABC,0
19-04-2024,09:22:48,ABC,0
19-04-2024,09:22:49,ABC,0
19-04-2024,09:22:50,ABC,1422
19-04-2024,09:22:51,ABC,0
19-04-2024,09:22:52,ABC,0
19-04-2024,09:22:53,ABC,0
19-04-2024,09:22:54,ABC,0
19-04-2024,09:22:55,ABC,0
19-04-2024,09:22:56,ABC,0
19-04-2024,09:22:57,ABC,0
19-04-2024,09:22:58,ABC,305
19-04-2024,09:22:59,ABC,0
19-04-2024,09:23:00,ABC,0
19-04-2024,09:23:01,ABC,0
19-04-2024,09:23:02,ABC,0
19-04-2024,09:23:03,ABC,0
19-04-2024,09:23:04,ABC,0
19-04-2024,09:23:05,ABC,0
19-04-2024,09:23:06,ABC,244
19-04-2024,09:23:07,ABC,0
19-04-2024,09:23:08,ABC,0
19-04-2024,09:23:09,ABC,0
19-04-2024,09:23:10,ABC,0
19-04-2024,09:23:11,ABC,0
19-04-2024,09:23:12,ABC,0
19-04-2024,09:23:13,ABC,0
19-04-2024,09:23:14,ABC,1982
19-04-2024,09:23:15,ABC,0
19-04-2024,09:23:16,ABC,0
19-04-2024,09:23:17,ABC,0
19-04-2024,09:23:18,ABC,0
19-04-2024,09:23:19,ABC,0
19-04-2024,09:23:20,ABC,0
19-04-2024,09:23:21,ABC,0
19-04-2024,09:23:22,ABC,2232
19-04-2024,09:23:23,ABC,0
19-04-2024,09:23:24,ABC,0
19-04-2024,09:23:25,ABC,0
19-04-2024,09:23:26,ABC,0
19-04-2024,09:23:27,ABC,0
19-04-2024,09:23:28,ABC,0
19-04-2024,09:23:29,ABC,0
19-04-2024,09:23:30,ABC,1081
19-04-2024,09:23:31,ABC,0
19-04-2024,09:23:32,ABC,0
19-04-2024,09:23:33,ABC,0
19-04-2024,09:23:34,ABC,0
19-04-2024,09:23:35,ABC,0
19-04-2024,09:23:36,ABC,0
19-04-2024,09:23:37,ABC,0
19-04-2024,09:23:38,ABC,342
19-04-2024,09:23:39,ABC,0
19-04-2024,09:23:40,ABC,0
19-04-2024,09:23:41,ABC,0
19-04-2024,09:23:42,ABC,0
19-04-2024,09:23:43,ABC,0
19-04-2024,09:23:44,ABC,0
19-04-2024,09:23:45,ABC,0
19-04-2024,09:23:46,ABC,0
19-04-2024,09:23:47,ABC,489
19-04-2024,09:23:48,ABC,0
19-04-2024,09:23:49,ABC,0
19-04-2024,09:23:50,ABC,0
19-04-2024,09:23:51,ABC,0
19-04-2024,09:23:52,ABC,0
19-04-2024,09:23:53,ABC,0
19-04-2024,09:23:54,ABC,0
19-04-2024,09:23:55,ABC,1213
19-04-2024,09:23:56,ABC,0
19-04-2024,09:23:57,ABC,0
19-04-2024,09:23:58,ABC,0
19-04-2024,09:23:59,ABC,0
19-04-2024,09:24:00,ABC,0
19-04-2024,09:24:01,ABC,0
19-04-2024,09:24:02,ABC,0
19-04-2024,09:24:03,ABC,1164
19-04-2024,09:24:04,ABC,0
19-04-2024,09:24:05,ABC,0
19-04-2024,09:24:06,ABC,0
19-04-2024,09:24:07,ABC,0
19-04-2024,09:24:08,ABC,0
19-04-2024,09:24:09,ABC,0
19-04-2024,09:24:10,ABC,0
19-04-2024,09:24:11,ABC,3931
19-04-2024,09:24:12,ABC,0
19-04-2024,09:24:13,ABC,0
19-04-2024,09:24:14,ABC,0
19-04-2024,09:24:15,ABC,0
19-04-2024,09:24:16,ABC,0
19-04-2024,09:24:17,ABC,0
19-04-2024,09:24:18,ABC,0
19-04-2024,09:24:19,ABC,631
19-04-2024,09:24:20,ABC,0
19-04-2024,09:24:21,ABC,0
19-04-2024,09:24:22,ABC,0
19-04-2024,09:24:23,ABC,0
19-04-2024,09:24:24,ABC,0
19-04-2024,09:24:25,ABC,0
19-04-2024,09:24:26,ABC,0
19-04-2024,09:24:27,ABC,1866
19-04-2024,09:24:28,ABC,0
19-04-2024,09:24:29,ABC,0
19-04-2024,09:24:30,ABC,0
19-04-2024,09:24:31,ABC,0
19-04-2024,09:24:32,ABC,0
19-04-2024,09:24:33,ABC,0
19-04-2024,09:24:34,ABC,0
19-04-2024,09:24:35,ABC,84
19-04-2024,09:24:36,ABC,0
19-04-2024,09:24:37,ABC,0
19-04-2024,09:24:38,ABC,0
19-04-2024,09:24:39,ABC,0
19-04-2024,09:24:40,ABC,0
19-04-2024,09:24:41,ABC,0
19-04-2024,09:24:42,ABC,248
19-04-2024,09:24:43,ABC,0
19-04-2024,09:24:44,ABC,0
19-04-2024,09:24:45,ABC,0
19-04-2024,09:24:46,ABC,0
19-04-2024,09:24:47,ABC,0
19-04-2024,09:24:48,ABC,0
19-04-2024,09:24:49,ABC,0
19-04-2024,09:24:50,ABC,312
19-04-2024,09:24:51,ABC,0
19-04-2024,09:24:52,ABC,0
19-04-2024,09:24:53,ABC,0
19-04-2024,09:24:54,ABC,0
19-04-2024,09:24:55,ABC,0
19-04-2024,09:24:56,ABC,0
19-04-2024,09:24:57,ABC,0
19-04-2024,09:24:58,ABC,0
19-04-2024,09:24:59,ABC,79
19-04-2024,09:25:00,ABC,0
19-04-2024,09:25:01,ABC,0
19-04-2024,09:25:02,ABC,0
19-04-2024,09:25:03,ABC,0
19-04-2024,09:25:04,ABC,0
19-04-2024,09:25:05,ABC,0
19-04-2024,09:25:06,ABC,1031
19-04-2024,09:25:07,ABC,0
19-04-2024,09:25:08,ABC,0
19-04-2024,09:25:09,ABC,0
19-04-2024,09:25:10,ABC,0
19-04-2024,09:25:11,ABC,0
19-04-2024,09:25:12,ABC,0
19-04-2024,09:25:13,ABC,0
19-04-2024,09:25:14,ABC,23
19-04-2024,09:25:15,ABC,0
19-04-2024,09:25:16,ABC,0
19-04-2024,09:25:17,ABC,0
19-04-2024,09:25:18,ABC,0
19-04-2024,09:25:19,ABC,0
19-04-2024,09:25:20,ABC,0
19-04-2024,09:25:21,ABC,0
19-04-2024,09:25:22,ABC,330
19-04-2024,09:25:23,ABC,0
19-04-2024,09:25:24,ABC,0
19-04-2024,09:25:25,ABC,0
19-04-2024,09:25:26,ABC,0
19-04-2024,09:25:27,ABC,0
19-04-2024,09:25:28,ABC,0
19-04-2024,09:25:29,ABC,0
19-04-2024,09:25:30,ABC,598
19-04-2024,09:25:31,ABC,0
19-04-2024,09:25:32,ABC,0
19-04-2024,09:25:33,ABC,0
19-04-2024,09:25:34,ABC,0
19-04-2024,09:25:35,ABC,0
19-04-2024,09:25:36,ABC,0
19-04-2024,09:25:37,ABC,0
19-04-2024,09:25:38,ABC,131
19-04-2024,09:25:39,ABC,0
19-04-2024,09:25:40,ABC,0
19-04-2024,09:25:41,ABC,0
19-04-2024,09:25:42,ABC,0
19-04-2024,09:25:43,ABC,0
19-04-2024,09:25:44,ABC,0
19-04-2024,09:25:45,ABC,0
19-04-2024,09:25:46,ABC,3321
19-04-2024,09:25:47,ABC,0
19-04-2024,09:25:48,ABC,0
19-04-2024,09:25:49,ABC,0
19-04-2024,09:25:50,ABC,0
19-04-2024,09:25:51,ABC,0
19-04-2024,09:25:52,ABC,0
19-04-2024,09:25:53,ABC,0
19-04-2024,09:25:54,ABC,393
19-04-2024,09:25:55,ABC,0
19-04-2024,09:25:56,ABC,0
19-04-2024,09:25:57,ABC,0
19-04-2024,09:25:58,ABC,0
19-04-2024,09:25:59,ABC,0
19-04-2024,09:26:00,ABC,0
19-04-2024,09:26:01,ABC,0
19-04-2024,09:26:02,ABC,1723
19-04-2024,09:26:03,ABC,0
19-04-2024,09:26:04,ABC,0
19-04-2024,09:26:05,ABC,0
19-04-2024,09:26:06,ABC,0
19-04-2024,09:26:07,ABC,0
19-04-2024,09:26:08,ABC,0
19-04-2024,09:26:09,ABC,0
19-04-2024,09:26:10,ABC,1020
19-04-2024,09:26:11,ABC,0
19-04-2024,09:26:12,ABC,0
19-04-2024,09:26:13,ABC,0
19-04-2024,09:26:14,ABC,0
19-04-2024,09:26:15,ABC,0
19-04-2024,09:26:16,ABC,0
19-04-2024,09:26:17,ABC,0
19-04-2024,09:26:18,ABC,47
19-04-2024,09:26:19,ABC,0
19-04-2024,09:26:20,ABC,0
19-04-2024,09:26:21,ABC,0
19-04-2024,09:26:22,ABC,0
19-04-2024,09:26:23,ABC,0
19-04-2024,09:26:24,ABC,0
19-04-2024,09:26:25,ABC,0
19-04-2024,09:26:26,ABC,150
19-04-2024,09:26:27,ABC,0
19-04-2024,09:26:28,ABC,0
19-04-2024,09:26:29,ABC,0
19-04-2024,09:26:30,ABC,0
19-04-2024,09:26:31,ABC,0
19-04-2024,09:26:32,ABC,0
19-04-2024,09:26:33,ABC,0
19-04-2024,09:26:34,ABC,1235
19-04-2024,09:26:35,ABC,0
19-04-2024,09:26:36,ABC,0
19-04-2024,09:26:37,ABC,0
19-04-2024,09:26:38,ABC,0
19-04-2024,09:26:39,ABC,0
19-04-2024,09:26:40,ABC,0
19-04-2024,09:26:41,ABC,119
19-04-2024,09:26:42,ABC,0
19-04-2024,09:26:43,ABC,0
19-04-2024,09:26:44,ABC,0
19-04-2024,09:26:45,ABC,0
19-04-2024,09:26:46,ABC,0
19-04-2024,09:26:47,ABC,0
19-04-2024,09:26:48,ABC,0
19-04-2024,09:26:49,ABC,0
19-04-2024,09:26:50,ABC,5911
19-04-2024,09:26:51,ABC,0
19-04-2024,09:26:52,ABC,0
19-04-2024,09:26:53,ABC,0
19-04-2024,09:26:54,ABC,0
19-04-2024,09:26:55,ABC,0
19-04-2024,09:26:56,ABC,0
19-04-2024,09:26:57,ABC,0
19-04-2024,09:26:58,ABC,1817
19-04-2024,09:26:59,ABC,0
19-04-2024,09:27:00,ABC,0
19-04-2024,09:27:01,ABC,0
19-04-2024,09:27:02,ABC,0
19-04-2024,09:27:03,ABC,0
19-04-2024,09:27:04,ABC,0
19-04-2024,09:27:05,ABC,0
19-04-2024,09:27:06,ABC,130
19-04-2024,09:27:07,ABC,0
19-04-2024,09:27:08,ABC,0
19-04-2024,09:27:09,ABC,0
19-04-2024,09:27:10,ABC,0
19-04-2024,09:27:11,ABC,0
19-04-2024,09:27:12,ABC,0
19-04-2024,09:27:13,ABC,0
19-04-2024,09:27:14,ABC,346
19-04-2024,09:27:15,ABC,0
19-04-2024,09:27:16,ABC,0
19-04-2024,09:27:17,ABC,0
19-04-2024,09:27:18,ABC,0
19-04-2024,09:27:19,ABC,0
19-04-2024,09:27:20,ABC,0
19-04-2024,09:27:21,ABC,0
19-04-2024,09:27:22,ABC,1160
19-04-2024,09:27:23,ABC,0
19-04-2024,09:27:24,ABC,0
19-04-2024,09:27:25,ABC,0
19-04-2024,09:27:26,ABC,0
19-04-2024,09:27:27,ABC,0
19-04-2024,09:27:28,ABC,0
19-04-2024,09:27:29,ABC,0
19-04-2024,09:27:30,ABC,146
19-04-2024,09:27:31,ABC,0
19-04-2024,09:27:32,ABC,0
19-04-2024,09:27:33,ABC,0
19-04-2024,09:27:34,ABC,0
19-04-2024,09:27:35,ABC,0
19-04-2024,09:27:36,ABC,0
19-04-2024,09:27:37,ABC,0
19-04-2024,09:27:38,ABC,406
19-04-2024,09:27:39,ABC,0
19-04-2024,09:27:40,ABC,0
19-04-2024,09:27:41,ABC,0
19-04-2024,09:27:42,ABC,0
19-04-2024,09:27:43,ABC,0
19-04-2024,09:27:44,ABC,0
19-04-2024,09:27:45,ABC,1650
19-04-2024,09:27:46,ABC,0
19-04-2024,09:27:47,ABC,0
19-04-2024,09:27:48,ABC,0
19-04-2024,09:27:49,ABC,0
19-04-2024,09:27:50,ABC,0
19-04-2024,09:27:51,ABC,0
19-04-2024,09:27:52,ABC,0
19-04-2024,09:27:53,ABC,428
19-04-2024,09:27:54,ABC,0
19-04-2024,09:27:55,ABC,0
19-04-2024,09:27:56,ABC,0
19-04-2024,09:27:57,ABC,0
19-04-2024,09:27:58,ABC,0
19-04-2024,09:27:59,ABC,0
19-04-2024,09:28:00,ABC,0
19-04-2024,09:28:01,ABC,721
19-04-2024,09:28:02,ABC,0
19-04-2024,09:28:03,ABC,0
19-04-2024,09:28:04,ABC,0
19-04-2024,09:28:05,ABC,0
19-04-2024,09:28:06,ABC,0
19-04-2024,09:28:07,ABC,0
19-04-2024,09:28:08,ABC,0
19-04-2024,09:28:09,ABC,278
19-04-2024,09:28:10,ABC,0
19-04-2024,09:28:11,ABC,0
19-04-2024,09:28:12,ABC,0
19-04-2024,09:28:13,ABC,0
19-04-2024,09:28:14,ABC,0
19-04-2024,09:28:15,ABC,0
19-04-2024,09:28:16,ABC,0
19-04-2024,09:28:17,ABC,46
19-04-2024,09:28:18,ABC,0
19-04-2024,09:28:19,ABC,0
19-04-2024,09:28:20,ABC,0
19-04-2024,09:28:21,ABC,0
19-04-2024,09:28:22,ABC,0
19-04-2024,09:28:23,ABC,0
19-04-2024,09:28:24,ABC,0
19-04-2024,09:28:25,ABC,140
19-04-2024,09:28:26,ABC,0
19-04-2024,09:28:27,ABC,0
19-04-2024,09:28:28,ABC,0
19-04-2024,09:28:29,ABC,0
19-04-2024,09:28:30,ABC,0
19-04-2024,09:28:31,ABC,0
19-04-2024,09:28:32,ABC,0
19-04-2024,09:28:33,ABC,1225
19-04-2024,09:28:34,ABC,0
19-04-2024,09:28:35,ABC,0
19-04-2024,09:28:36,ABC,0
19-04-2024,09:28:37,ABC,0
19-04-2024,09:28:38,ABC,0
19-04-2024,09:28:39,ABC,0
19-04-2024,09:28:40,ABC,0
19-04-2024,09:28:41,ABC,623
19-04-2024,09:28:42,ABC,0
19-04-2024,09:28:43,ABC,0
19-04-2024,09:28:44,ABC,0
19-04-2024,09:28:45,ABC,0
19-04-2024,09:28:46,ABC,0
19-04-2024,09:28:47,ABC,0
19-04-2024,09:28:48,ABC,0
19-04-2024,09:28:49,ABC,1012
19-04-2024,09:28:50,ABC,0
19-04-2024,09:28:51,ABC,0
19-04-2024,09:28:52,ABC,0
19-04-2024,09:28:53,ABC,0
19-04-2024,09:28:54,ABC,0
19-04-2024,09:28:55,ABC,0
19-04-2024,09:28:56,ABC,272
19-04-2024,09:28:57,ABC,0
19-04-2024,09:28:58,ABC,0
19-04-2024,09:28:59,ABC,0
19-04-2024,09:29:00,ABC,0
19-04-2024,09:29:01,ABC,0
19-04-2024,09:29:02,ABC,0
19-04-2024,09:29:03,ABC,0
19-04-2024,09:29:04,ABC,2369
19-04-2024,09:29:05,ABC,0
19-04-2024,09:29:06,ABC,0
19-04-2024,09:29:07,ABC,0
19-04-2024,09:29:08,ABC,0
19-04-2024,09:29:09,ABC,0
19-04-2024,09:29:10,ABC,0
19-04-2024,09:29:11,ABC,0
19-04-2024,09:29:12,ABC,1484
19-04-2024,09:29:13,ABC,0
19-04-2024,09:29:14,ABC,0
19-04-2024,09:29:15,ABC,0
19-04-2024,09:29:16,ABC,0
19-04-2024,09:29:17,ABC,0
19-04-2024,09:29:18,ABC,0
19-04-2024,09:29:19,ABC,0
19-04-2024,09:29:20,ABC,570
19-04-2024,09:29:21,ABC,0
19-04-2024,09:29:22,ABC,0
19-04-2024,09:29:23,ABC,0
19-04-2024,09:29:24,ABC,0
19-04-2024,09:29:25,ABC,0
19-04-2024,09:29:26,ABC,0
19-04-2024,09:29:27,ABC,0
19-04-2024,09:29:28,ABC,20
19-04-2024,09:29:29,ABC,0
19-04-2024,09:29:30,ABC,0
19-04-2024,09:29:31,ABC,0
19-04-2024,09:29:32,ABC,0
19-04-2024,09:29:33,ABC,0
19-04-2024,09:29:34,ABC,0
19-04-2024,09:29:35,ABC,1058
19-04-2024,09:29:36,ABC,0
19-04-2024,09:29:37,ABC,0
19-04-2024,09:29:38,ABC,0
19-04-2024,09:29:39,ABC,0
19-04-2024,09:29:40,ABC,0
19-04-2024,09:29:41,ABC,0
19-04-2024,09:29:42,ABC,0
19-04-2024,09:29:43,ABC,135
19-04-2024,09:29:44,ABC,0
19-04-2024,09:29:45,ABC,0
19-04-2024,09:29:46,ABC,0
19-04-2024,09:29:47,ABC,0
19-04-2024,09:29:48,ABC,0
19-04-2024,09:29:49,ABC,0
19-04-2024,09:29:50,ABC,576
19-04-2024,09:29:51,ABC,0
19-04-2024,09:29:52,ABC,0
19-04-2024,09:29:53,ABC,0
19-04-2024,09:29:54,ABC,0
19-04-2024,09:29:55,ABC,0
19-04-2024,09:29:56,ABC,0
19-04-2024,09:29:57,ABC,0
19-04-2024,09:29:58,ABC,1351
19-04-2024,09:29:59,ABC,0
19-04-2024,09:30:00,ABC,0
19-04-2024,09:30:01,ABC,0
19-04-2024,09:30:02,ABC,0
19-04-2024,09:30:03,ABC,0
19-04-2024,09:30:04,ABC,0
19-04-2024,09:30:05,ABC,0
19-04-2024,09:30:06,ABC,275
19-04-2024,09:30:07,ABC,0
19-04-2024,09:30:08,ABC,0
19-04-2024,09:30:09,ABC,0
19-04-2024,09:30:10,ABC,0
19-04-2024,09:30:11,ABC,0
19-04-2024,09:30:12,ABC,0
19-04-2024,09:30:13,ABC,0
19-04-2024,09:30:14,ABC,1440
19-04-2024,09:30:15,ABC,0
19-04-2024,09:30:16,ABC,0
19-04-2024,09:30:17,ABC,0
19-04-2024,09:30:18,ABC,0
19-04-2024,09:30:19,ABC,0
19-04-2024,09:30:20,ABC,0
19-04-2024,09:30:21,ABC,0
19-04-2024,09:30:22,ABC,693
19-04-2024,09:30:23,ABC,0
19-04-2024,09:30:24,ABC,0
19-04-2024,09:30:25,ABC,0
19-04-2024,09:30:26,ABC,0
19-04-2024,09:30:27,ABC,0
19-04-2024,09:30:28,ABC,0
19-04-2024,09:30:29,ABC,0
19-04-2024,09:30:30,ABC,1784
19-04-2024,09:30:31,ABC,0
19-04-2024,09:30:32,ABC,0
19-04-2024,09:30:33,ABC,0
19-04-2024,09:30:34,ABC,0
19-04-2024,09:30:35,ABC,0
19-04-2024,09:30:36,ABC,0
19-04-2024,09:30:37,ABC,0
19-04-2024,09:30:38,ABC,1336
19-04-2024,09:30:39,ABC,0
19-04-2024,09:30:40,ABC,0
19-04-2024,09:30:41,ABC,0
19-04-2024,09:30:42,ABC,0
19-04-2024,09:30:43,ABC,0
19-04-2024,09:30:44,ABC,0
19-04-2024,09:30:45,ABC,0
19-04-2024,09:30:46,ABC,602
19-04-2024,09:30:47,ABC,0
19-04-2024,09:30:48,ABC,0
19-04-2024,09:30:49,ABC,0
19-04-2024,09:30:50,ABC,0
19-04-2024,09:30:51,ABC,0
19-04-2024,09:30:52,ABC,0
19-04-2024,09:30:53,ABC,0
19-04-2024,09:30:54,ABC,1328
19-04-2024,09:30:55,ABC,0
19-04-2024,09:30:56,ABC,0
19-04-2024,09:30:57,ABC,0
19-04-2024,09:30:58,ABC,0
19-04-2024,09:30:59,ABC,0
19-04-2024,09:31:00,ABC,0
19-04-2024,09:31:01,ABC,614
19-04-2024,09:31:02,ABC,0
19-04-2024,09:31:03,ABC,0
19-04-2024,09:31:04,ABC,0
19-04-2024,09:31:05,ABC,0
19-04-2024,09:31:06,ABC,0
19-04-2024,09:31:07,ABC,0
19-04-2024,09:31:08,ABC,1674
19-04-2024,09:31:09,ABC,15
19-04-2024,09:31:10,ABC,11
19-04-2024,09:31:11,ABC,0
19-04-2024,09:31:12,ABC,0
19-04-2024,09:31:13,ABC,0
19-04-2024,09:31:14,ABC,0
19-04-2024,09:31:15,ABC,0
19-04-2024,09:31:16,ABC,0
19-04-2024,09:31:17,ABC,4518
19-04-2024,09:31:18,ABC,133
19-04-2024,09:31:19,ABC,0
19-04-2024,09:31:20,ABC,10
19-04-2024,09:31:21,ABC,5
19-04-2024,09:31:22,ABC,0
19-04-2024,09:31:23,ABC,0
19-04-2024,09:31:24,ABC,0
19-04-2024,09:31:25,ABC,0
19-04-2024,09:31:26,ABC,480
19-04-2024,09:31:27,ABC,5
19-04-2024,09:31:28,ABC,467
19-04-2024,09:31:29,ABC,0
19-04-2024,09:31:30,ABC,0
19-04-2024,09:31:31,ABC,64
19-04-2024,09:31:32,ABC,549
19-04-2024,09:31:33,ABC,1
19-04-2024,09:31:34,ABC,0
19-04-2024,09:31:35,ABC,0
19-04-2024,09:31:36,ABC,0
19-04-2024,09:31:37,ABC,1
19-04-2024,09:31:38,ABC,50
19-04-2024,09:31:39,ABC,8
19-04-2024,09:31:40,ABC,0
19-04-2024,09:31:41,ABC,10
19-04-2024,09:31:42,ABC,0
19-04-2024,09:31:43,ABC,17
19-04-2024,09:31:44,ABC,44
19-04-2024,09:31:45,ABC,0
19-04-2024,09:31:46,ABC,0
19-04-2024,09:31:47,ABC,300
19-04-2024,09:31:48,ABC,0
19-04-2024,09:31:49,ABC,0
19-04-2024,09:31:50,ABC,0
19-04-2024,09:31:51,ABC,0
19-04-2024,09:31:52,ABC,0
19-04-2024,09:31:53,ABC,5
19-04-2024,09:31:54,ABC,0
19-04-2024,09:31:55,ABC,0
19-04-2024,09:31:56,ABC,0
19-04-2024,09:31:57,ABC,121
19-04-2024,09:31:58,ABC,20
19-04-2024,09:31:59,ABC,1062
19-04-2024,09:32:00,ABC,0
19-04-2024,09:32:01,ABC,0
19-04-2024,09:32:02,ABC,0
19-04-2024,09:32:03,ABC,0
19-04-2024,09:32:04,ABC,9
19-04-2024,09:32:05,ABC,0
19-04-2024,09:32:06,ABC,0
19-04-2024,09:32:07,ABC,1
19-04-2024,09:32:08,ABC,101
19-04-2024,09:32:09,ABC,0
19-04-2024,09:32:10,ABC,395
19-04-2024,09:32:11,ABC,0
19-04-2024,09:32:12,ABC,0
19-04-2024,09:32:13,ABC,0
19-04-2024,09:32:14,ABC,0
19-04-2024,09:32:15,ABC,0
19-04-2024,09:32:16,ABC,0
19-04-2024,09:32:17,ABC,0
19-04-2024,09:32:18,ABC,28
19-04-2024,09:32:19,ABC,0
19-04-2024,09:32:20,ABC,0
19-04-2024,09:32:21,ABC,0
19-04-2024,09:32:22,ABC,0
19-04-2024,09:32:23,ABC,0
19-04-2024,09:32:24,ABC,0
19-04-2024,09:32:25,ABC,74
19-04-2024,09:32:26,ABC,0
19-04-2024,09:32:27,ABC,0
19-04-2024,09:32:28,ABC,0
19-04-2024,09:32:29,ABC,0
19-04-2024,09:32:30,ABC,0
19-04-2024,09:32:31,ABC,0
19-04-2024,09:32:32,ABC,0
19-04-2024,09:32:33,ABC,180
19-04-2024,09:32:34,ABC,0
19-04-2024,09:32:35,ABC,0
19-04-2024,09:32:36,ABC,0
19-04-2024,09:32:37,ABC,0
19-04-2024,09:32:38,ABC,0
19-04-2024,09:32:39,ABC,0
19-04-2024,09:32:40,ABC,0
19-04-2024,09:32:41,ABC,747
19-04-2024,09:32:42,ABC,0
19-04-2024,09:32:43,ABC,0
19-04-2024,09:32:44,ABC,0
19-04-2024,09:32:45,ABC,0
19-04-2024,09:32:46,ABC,0
19-04-2024,09:32:47,ABC,0
19-04-2024,09:32:48,ABC,573
19-04-2024,09:32:49,ABC,0
19-04-2024,09:32:50,ABC,0
19-04-2024,09:32:51,ABC,0
19-04-2024,09:32:52,ABC,0
19-04-2024,09:32:53,ABC,0
19-04-2024,09:32:54,ABC,0
19-04-2024,09:32:55,ABC,0
19-04-2024,09:32:56,ABC,27
19-04-2024,09:32:57,ABC,0
19-04-2024,09:32:58,ABC,0
19-04-2024,09:32:59,ABC,0
19-04-2024,09:33:00,ABC,0
19-04-2024,09:33:01,ABC,0
19-04-2024,09:33:02,ABC,0
19-04-2024,09:33:03,ABC,0
19-04-2024,09:33:04,ABC,311
19-04-2024,09:33:05,ABC,0
19-04-2024,09:33:06,ABC,0
19-04-2024,09:33:07,ABC,0
19-04-2024,09:33:08,ABC,0
19-04-2024,09:33:09,ABC,0
19-04-2024,09:33:10,ABC,0
19-04-2024,09:33:11,ABC,0
19-04-2024,09:33:12,ABC,1819
19-04-2024,09:33:13,ABC,0
19-04-2024,09:33:14,ABC,0
19-04-2024,09:33:15,ABC,0
19-04-2024,09:33:16,ABC,0
19-04-2024,09:33:17,ABC,0
19-04-2024,09:33:18,ABC,0
19-04-2024,09:33:19,ABC,1506
19-04-2024,09:33:20,ABC,0
19-04-2024,09:33:21,ABC,0
19-04-2024,09:33:22,ABC,0
19-04-2024,09:33:23,ABC,0
19-04-2024,09:33:24,ABC,0
19-04-2024,09:33:25,ABC,0
19-04-2024,09:33:26,ABC,0
19-04-2024,09:33:27,ABC,160
19-04-2024,09:33:28,ABC,0
19-04-2024,09:33:29,ABC,0
19-04-2024,09:33:30,ABC,0
19-04-2024,09:33:31,ABC,0
19-04-2024,09:33:32,ABC,0
19-04-2024,09:33:33,ABC,0
19-04-2024,09:33:34,ABC,1
19-04-2024,09:33:35,ABC,0
19-04-2024,09:33:36,ABC,0
19-04-2024,09:33:37,ABC,0
19-04-2024,09:33:38,ABC,0
19-04-2024,09:33:39,ABC,0
19-04-2024,09:33:40,ABC,0
19-04-2024,09:33:41,ABC,0
19-04-2024,09:33:42,ABC,141
19-04-2024,09:33:43,ABC,0
19-04-2024,09:33:44,ABC,0
19-04-2024,09:33:45,ABC,0
19-04-2024,09:33:46,ABC,0
19-04-2024,09:33:47,ABC,0
19-04-2024,09:33:48,ABC,0
19-04-2024,09:33:49,ABC,0
19-04-2024,09:33:50,ABC,0
19-04-2024,09:33:51,ABC,0
19-04-2024,09:33:52,ABC,0
19-04-2024,09:33:53,ABC,0
19-04-2024,09:33:54,ABC,0
19-04-2024,09:33:55,ABC,0
19-04-2024,09:33:56,ABC,0
19-04-2024,09:33:57,ABC,160
19-04-2024,09:33:58,ABC,0
19-04-2024,09:33:59,ABC,0
19-04-2024,09:34:00,ABC,0
19-04-2024,09:34:01,ABC,0
19-04-2024,09:34:02,ABC,0
19-04-2024,09:34:03,ABC,0
19-04-2024,09:34:04,ABC,35
19-04-2024,09:34:05,ABC,0
19-04-2024,09:34:06,ABC,0
19-04-2024,09:34:07,ABC,0
19-04-2024,09:34:08,ABC,0
19-04-2024,09:34:09,ABC,0
19-04-2024,09:34:10,ABC,0
19-04-2024,09:34:11,ABC,0
19-04-2024,09:34:12,ABC,104
19-04-2024,09:34:13,ABC,0
19-04-2024,09:34:14,ABC,0
19-04-2024,09:34:15,ABC,0
19-04-2024,09:34:16,ABC,0
19-04-2024,09:34:17,ABC,0
19-04-2024,09:34:18,ABC,0
19-04-2024,09:34:19,ABC,2413
19-04-2024,09:34:20,ABC,0
19-04-2024,09:34:21,ABC,0
19-04-2024,09:34:22,ABC,0
19-04-2024,09:34:23,ABC,0
19-04-2024,09:34:24,ABC,0
19-04-2024,09:34:25,ABC,0
19-04-2024,09:34:26,ABC,0
19-04-2024,09:34:27,ABC,182
19-04-2024,09:34:28,ABC,0
19-04-2024,09:34:29,ABC,0
19-04-2024,09:34:30,ABC,0
19-04-2024,09:34:31,ABC,0
19-04-2024,09:34:32,ABC,0
19-04-2024,09:34:33,ABC,0
19-04-2024,09:34:34,ABC,234
19-04-2024,09:34:35,ABC,0
19-04-2024,09:34:36,ABC,0
19-04-2024,09:34:37,ABC,0
19-04-2024,09:34:38,ABC,0
19-04-2024,09:34:39,ABC,0
19-04-2024,09:34:40,ABC,0
19-04-2024,09:34:41,ABC,0
19-04-2024,09:34:42,ABC,140
19-04-2024,09:34:43,ABC,0
19-04-2024,09:34:44,ABC,0
19-04-2024,09:34:45,ABC,0
19-04-2024,09:34:46,ABC,0
19-04-2024,09:34:47,ABC,0
19-04-2024,09:34:48,ABC,0
19-04-2024,09:34:49,ABC,266
19-04-2024,09:34:50,ABC,0
19-04-2024,09:34:51,ABC,0
19-04-2024,09:34:52,ABC,0
19-04-2024,09:34:53,ABC,0
19-04-2024,09:34:54,ABC,0
19-04-2024,09:34:55,ABC,0
19-04-2024,09:34:56,ABC,0
19-04-2024,09:34:57,ABC,434
19-04-2024,09:34:58,ABC,0
19-04-2024,09:34:59,ABC,0
19-04-2024,09:35:00,ABC,0
19-04-2024,09:35:01,ABC,0
19-04-2024,09:35:02,ABC,0
19-04-2024,09:35:03,ABC,0
19-04-2024,09:35:04,ABC,61
19-04-2024,09:35:05,ABC,0
19-04-2024,09:35:06,ABC,0
19-04-2024,09:35:07,ABC,0
19-04-2024,09:35:08,ABC,0
19-04-2024,09:35:09,ABC,0
19-04-2024,09:35:10,ABC,0
19-04-2024,09:35:11,ABC,0
19-04-2024,09:35:12,ABC,277
19-04-2024,09:35:13,ABC,0
19-04-2024,09:35:14,ABC,0
19-04-2024,09:35:15,ABC,0
19-04-2024,09:35:16,ABC,0
19-04-2024,09:35:17,ABC,0
19-04-2024,09:35:18,ABC,0
19-04-2024,09:35:19,ABC,16
19-04-2024,09:35:20,ABC,0
19-04-2024,09:35:21,ABC,0
19-04-2024,09:35:22,ABC,0
19-04-2024,09:35:23,ABC,0
19-04-2024,09:35:24,ABC,0
19-04-2024,09:35:25,ABC,0
19-04-2024,09:35:26,ABC,545
19-04-2024,09:35:27,ABC,0
19-04-2024,09:35:28,ABC,0
19-04-2024,09:35:29,ABC,0
19-04-2024,09:35:30,ABC,0
19-04-2024,09:35:31,ABC,0
19-04-2024,09:35:32,ABC,0
19-04-2024,09:35:33,ABC,2483
19-04-2024,09:35:34,ABC,0
19-04-2024,09:35:35,ABC,0
19-04-2024,09:35:36,ABC,0
19-04-2024,09:35:37,ABC,0
19-04-2024,09:35:38,ABC,0
19-04-2024,09:35:39,ABC,0
19-04-2024,09:35:40,ABC,0
19-04-2024,09:35:41,ABC,62
19-04-2024,09:35:42,ABC,0
19-04-2024,09:35:43,ABC,0
19-04-2024,09:35:44,ABC,0
19-04-2024,09:35:45,ABC,0
19-04-2024,09:35:46,ABC,0
19-04-2024,09:35:47,ABC,0
19-04-2024,09:35:48,ABC,115
19-04-2024,09:35:49,ABC,0
19-04-2024,09:35:50,ABC,0
19-04-2024,09:35:51,ABC,0
19-04-2024,09:35:52,ABC,0
19-04-2024,09:35:53,ABC,0
19-04-2024,09:35:54,ABC,0
19-04-2024,09:35:55,ABC,0
19-04-2024,09:35:56,ABC,715
19-04-2024,09:35:57,ABC,0
19-04-2024,09:35:58,ABC,0
19-04-2024,09:35:59,ABC,0
19-04-2024,09:36:00,ABC,0
19-04-2024,09:36:01,ABC,0
19-04-2024,09:36:02,ABC,0
19-04-2024,09:36:03,ABC,0
19-04-2024,09:36:04,ABC,3977
19-04-2024,09:36:05,ABC,0
19-04-2024,09:36:06,ABC,0
19-04-2024,09:36:07,ABC,0
19-04-2024,09:36:08,ABC,0
19-04-2024,09:36:09,ABC,0
19-04-2024,09:36:10,ABC,0
19-04-2024,09:36:11,ABC,105
19-04-2024,09:36:12,ABC,0
19-04-2024,09:36:13,ABC,0
19-04-2024,09:36:14,ABC,0
19-04-2024,09:36:15,ABC,0
19-04-2024,09:36:16,ABC,0
19-04-2024,09:36:17,ABC,0
19-04-2024,09:36:18,ABC,125
19-04-2024,09:36:19,ABC,0
19-04-2024,09:36:20,ABC,0
19-04-2024,09:36:21,ABC,0
19-04-2024,09:36:22,ABC,0
19-04-2024,09:36:23,ABC,0
19-04-2024,09:36:24,ABC,0
19-04-2024,09:36:25,ABC,0
19-04-2024,09:36:26,ABC,10
19-04-2024,09:36:27,ABC,0
19-04-2024,09:36:28,ABC,0
19-04-2024,09:36:29,ABC,0
19-04-2024,09:36:30,ABC,0
19-04-2024,09:36:31,ABC,0
19-04-2024,09:36:32,ABC,0
19-04-2024,09:36:33,ABC,42
19-04-2024,09:36:34,ABC,0
19-04-2024,09:36:35,ABC,0
19-04-2024,09:36:36,ABC,0
19-04-2024,09:36:37,ABC,0
19-04-2024,09:36:38,ABC,0
19-04-2024,09:36:39,ABC,0
19-04-2024,09:36:40,ABC,0
19-04-2024,09:36:41,ABC,50
19-04-2024,09:36:42,ABC,0
19-04-2024,09:36:43,ABC,0
19-04-2024,09:36:44,ABC,0
19-04-2024,09:36:45,ABC,0
19-04-2024,09:36:46,ABC,0
19-04-2024,09:36:47,ABC,0
19-04-2024,09:36:48,ABC,96
19-04-2024,09:36:49,ABC,0
19-04-2024,09:36:50,ABC,0
19-04-2024,09:36:51,ABC,0
19-04-2024,09:36:52,ABC,0
19-04-2024,09:36:53,ABC,0
19-04-2024,09:36:54,ABC,0
19-04-2024,09:36:55,ABC,0
19-04-2024,09:36:56,ABC,125
19-04-2024,09:36:57,ABC,0
19-04-2024,09:36:58,ABC,0
19-04-2024,09:36:59,ABC,0
19-04-2024,09:37:00,ABC,0
19-04-2024,09:37:01,ABC,0
19-04-2024,09:37:02,ABC,0
19-04-2024,09:37:03,ABC,50
19-04-2024,09:37:04,ABC,0
19-04-2024,09:37:05,ABC,0
19-04-2024,09:37:06,ABC,0
19-04-2024,09:37:07,ABC,0
19-04-2024,09:37:08,ABC,0
19-04-2024,09:37:09,ABC,0
19-04-2024,09:37:10,ABC,70
19-04-2024,09:37:11,ABC,0
19-04-2024,09:37:12,ABC,0
19-04-2024,09:37:13,ABC,0
19-04-2024,09:37:14,ABC,0
19-04-2024,09:37:15,ABC,0
19-04-2024,09:37:16,ABC,0
19-04-2024,09:37:17,ABC,170
19-04-2024,09:37:18,ABC,0
19-04-2024,09:37:19,ABC,0
19-04-2024,09:37:20,ABC,0
19-04-2024,09:37:21,ABC,0
19-04-2024,09:37:22,ABC,0
19-04-2024,09:37:23,ABC,0
19-04-2024,09:37:24,ABC,0
19-04-2024,09:37:25,ABC,38
19-04-2024,09:37:26,ABC,0
19-04-2024,09:37:27,ABC,0
19-04-2024,09:37:28,ABC,0
19-04-2024,09:37:29,ABC,0
19-04-2024,09:37:30,ABC,0
19-04-2024,09:37:31,ABC,0
19-04-2024,09:37:32,ABC,14
19-04-2024,09:37:33,ABC,0
19-04-2024,09:37:34,ABC,0
19-04-2024,09:37:35,ABC,0
19-04-2024,09:37:36,ABC,0
19-04-2024,09:37:37,ABC,0
19-04-2024,09:37:38,ABC,0
19-04-2024,09:37:39,ABC,0
19-04-2024,09:37:40,ABC,0
19-04-2024,09:37:41,ABC,0
19-04-2024,09:37:42,ABC,0
19-04-2024,09:37:43,ABC,0
19-04-2024,09:37:44,ABC,0
19-04-2024,09:37:45,ABC,0
19-04-2024,09:37:46,ABC,0
19-04-2024,09:37:47,ABC,67
19-04-2024,09:37:48,ABC,0
19-04-2024,09:37:49,ABC,0
19-04-2024,09:37:50,ABC,0
19-04-2024,09:37:51,ABC,0
19-04-2024,09:37:52,ABC,0
19-04-2024,09:37:53,ABC,0
19-04-2024,09:37:54,ABC,0
19-04-2024,09:37:55,ABC,750
19-04-2024,09:37:56,ABC,0
19-04-2024,09:37:57,ABC,0
19-04-2024,09:37:58,ABC,0
19-04-2024,09:37:59,ABC,0
19-04-2024,09:38:00,ABC,0
19-04-2024,09:38:01,ABC,0
19-04-2024,09:38:02,ABC,25
19-04-2024,09:38:03,ABC,0
19-04-2024,09:38:04,ABC,0
19-04-2024,09:38:05,ABC,0
19-04-2024,09:38:06,ABC,0
19-04-2024,09:38:07,ABC,0
19-04-2024,09:38:08,ABC,0
19-04-2024,09:38:09,ABC,0
19-04-2024,09:38:10,ABC,16
19-04-2024,09:38:11,ABC,0
19-04-2024,09:38:12,ABC,0
19-04-2024,09:38:13,ABC,0
19-04-2024,09:38:14,ABC,0
19-04-2024,09:38:15,ABC,0
19-04-2024,09:38:16,ABC,0
19-04-2024,09:38:17,ABC,221
19-04-2024,09:38:18,ABC,0
19-04-2024,09:38:19,ABC,0
19-04-2024,09:38:20,ABC,0
19-04-2024,09:38:21,ABC,0
19-04-2024,09:38:22,ABC,0
19-04-2024,09:38:23,ABC,0
19-04-2024,09:38:24,ABC,0
19-04-2024,09:38:25,ABC,150
19-04-2024,09:38:26,ABC,0
19-04-2024,09:38:27,ABC,0
19-04-2024,09:38:28,ABC,0
19-04-2024,09:38:29,ABC,0
19-04-2024,09:38:30,ABC,0
19-04-2024,09:38:31,ABC,0
19-04-2024,09:38:32,ABC,84
19-04-2024,09:38:33,ABC,0
19-04-2024,09:38:34,ABC,0
19-04-2024,09:38:35,ABC,0
19-04-2024,09:38:36,ABC,0
19-04-2024,09:38:37,ABC,0
19-04-2024,09:38:38,ABC,0
19-04-2024,09:38:39,ABC,0
19-04-2024,09:38:40,ABC,164
19-04-2024,09:38:41,ABC,0
19-04-2024,09:38:42,ABC,0
19-04-2024,09:38:43,ABC,0
19-04-2024,09:38:44,ABC,0
19-04-2024,09:38:45,ABC,0
19-04-2024,09:38:46,ABC,0
19-04-2024,09:38:47,ABC,5
19-04-2024,09:38:48,ABC,0
19-04-2024,09:38:49,ABC,0
19-04-2024,09:38:50,ABC,0
19-04-2024,09:38:51,ABC,0
19-04-2024,09:38:52,ABC,0
19-04-2024,09:38:53,ABC,0
19-04-2024,09:38:54,ABC,4017
19-04-2024,09:38:55,ABC,0
19-04-2024,09:38:56,ABC,0
19-04-2024,09:38:57,ABC,0
19-04-2024,09:38:58,ABC,0
19-04-2024,09:38:59,ABC,0
19-04-2024,09:39:00,ABC,0
19-04-2024,09:39:01,ABC,0
19-04-2024,09:39:02,ABC,125
19-04-2024,09:39:03,ABC,0
19-04-2024,09:39:04,ABC,0
19-04-2024,09:39:05,ABC,0
19-04-2024,09:39:06,ABC,0
19-04-2024,09:39:07,ABC,0
19-04-2024,09:39:08,ABC,0
19-04-2024,09:39:09,ABC,853
19-04-2024,09:39:10,ABC,0
19-04-2024,09:39:11,ABC,0
19-04-2024,09:39:12,ABC,0
19-04-2024,09:39:13,ABC,0
19-04-2024,09:39:14,ABC,0
19-04-2024,09:39:15,ABC,0
19-04-2024,09:39:16,ABC,1873
19-04-2024,09:39:17,ABC,0
19-04-2024,09:39:18,ABC,0
19-04-2024,09:39:19,ABC,0
19-04-2024,09:39:20,ABC,0
19-04-2024,09:39:21,ABC,0
19-04-2024,09:39:22,ABC,0
19-04-2024,09:39:23,ABC,500
19-04-2024,09:39:24,ABC,0
19-04-2024,09:39:25,ABC,0
19-04-2024,09:39:26,ABC,0
19-04-2024,09:39:27,ABC,0
19-04-2024,09:39:28,ABC,0
19-04-2024,09:39:29,ABC,0
19-04-2024,09:39:30,ABC,0
19-04-2024,09:39:31,ABC,19
19-04-2024,09:39:32,ABC,0
19-04-2024,09:39:33,ABC,0
19-04-2024,09:39:34,ABC,0
19-04-2024,09:39:35,ABC,0
19-04-2024,09:39:36,ABC,0
19-04-2024,09:39:37,ABC,0
19-04-2024,09:39:38,ABC,100
19-04-2024,09:39:39,ABC,0
19-04-2024,09:39:40,ABC,0
19-04-2024,09:39:41,ABC,0
19-04-2024,09:39:42,ABC,0
19-04-2024,09:39:43,ABC,0
19-04-2024,09:39:44,ABC,0
19-04-2024,09:39:45,ABC,10
19-04-2024,09:39:46,ABC,0
19-04-2024,09:39:47,ABC,0
19-04-2024,09:39:48,ABC,0
19-04-2024,09:39:49,ABC,0
19-04-2024,09:39:50,ABC,0
19-04-2024,09:39:51,ABC,0
19-04-2024,09:39:52,ABC,1276
19-04-2024,09:39:53,ABC,0
19-04-2024,09:39:54,ABC,0
19-04-2024,09:39:55,ABC,0
19-04-2024,09:39:56,ABC,0
19-04-2024,09:39:57,ABC,0
19-04-2024,09:39:58,ABC,0
19-04-2024,09:39:59,ABC,396
19-04-2024,09:40:00,ABC,0
19-04-2024,09:40:01,ABC,0
19-04-2024,09:40:02,ABC,0
19-04-2024,09:40:03,ABC,0
19-04-2024,09:40:04,ABC,0
19-04-2024,09:40:05,ABC,0
19-04-2024,09:40:06,ABC,178
19-04-2024,09:40:07,ABC,0
19-04-2024,09:40:08,ABC,0
19-04-2024,09:40:09,ABC,0
19-04-2024,09:40:10,ABC,0
19-04-2024,09:40:11,ABC,0
19-04-2024,09:40:12,ABC,0
19-04-2024,09:40:13,ABC,233
19-04-2024,09:40:14,ABC,0
19-04-2024,09:40:15,ABC,0
19-04-2024,09:40:16,ABC,0
19-04-2024,09:40:17,ABC,0
19-04-2024,09:40:18,ABC,0
19-04-2024,09:40:19,ABC,0
19-04-2024,09:40:20,ABC,0
19-04-2024,09:40:21,ABC,240
19-04-2024,09:40:22,ABC,0
19-04-2024,09:40:23,ABC,0
19-04-2024,09:40:24,ABC,0
19-04-2024,09:40:25,ABC,0
19-04-2024,09:40:26,ABC,0
19-04-2024,09:40:27,ABC,0
19-04-2024,09:40:28,ABC,75
19-04-2024,09:40:29,ABC,0
19-04-2024,09:40:30,ABC,0
19-04-2024,09:40:31,ABC,0
19-04-2024,09:40:32,ABC,0
19-04-2024,09:40:33,ABC,0
19-04-2024,09:40:34,ABC,0
19-04-2024,09:40:35,ABC,708
19-04-2024,09:40:36,ABC,0
19-04-2024,09:40:37,ABC,0
19-04-2024,09:40:38,ABC,0
19-04-2024,09:40:39,ABC,0
19-04-2024,09:40:40,ABC,0
19-04-2024,09:40:41,ABC,0
19-04-2024,09:40:42,ABC,0
19-04-2024,09:40:43,ABC,1644
19-04-2024,09:40:44,ABC,0
19-04-2024,09:40:45,ABC,0
19-04-2024,09:40:46,ABC,0
19-04-2024,09:40:47,ABC,0
19-04-2024,09:40:48,ABC,0
19-04-2024,09:40:49,ABC,0
19-04-2024,09:40:50,ABC,748
19-04-2024,09:40:51,ABC,0
19-04-2024,09:40:52,ABC,0
19-04-2024,09:40:53,ABC,0
19-04-2024,09:40:54,ABC,0
19-04-2024,09:40:55,ABC,0
19-04-2024,09:40:56,ABC,0
19-04-2024,09:40:57,ABC,605
19-04-2024,09:40:58,ABC,0
19-04-2024,09:40:59,ABC,0
19-04-2024,09:41:00,ABC,0
19-04-2024,09:41:01,ABC,0
19-04-2024,09:41:02,ABC,0
19-04-2024,09:41:03,ABC,0
19-04-2024,09:41:04,ABC,274
19-04-2024,09:41:05,ABC,0
19-04-2024,09:41:06,ABC,0
19-04-2024,09:41:07,ABC,0
19-04-2024,09:41:08,ABC,0
19-04-2024,09:41:09,ABC,0
19-04-2024,09:41:10,ABC,0
19-04-2024,09:41:11,ABC,0
19-04-2024,09:41:12,ABC,300
19-04-2024,09:41:13,ABC,0
19-04-2024,09:41:14,ABC,0
19-04-2024,09:41:15,ABC,0
19-04-2024,09:41:16,ABC,0
19-04-2024,09:41:17,ABC,0
19-04-2024,09:41:18,ABC,0
19-04-2024,09:41:19,ABC,538
19-04-2024,09:41:20,ABC,0
19-04-2024,09:41:21,ABC,0
19-04-2024,09:41:22,ABC,0
19-04-2024,09:41:23,ABC,0
19-04-2024,09:41:24,ABC,0
19-04-2024,09:41:25,ABC,0
19-04-2024,09:41:26,ABC,150
19-04-2024,09:41:27,ABC,0
19-04-2024,09:41:28,ABC,0
19-04-2024,09:41:29,ABC,0
19-04-2024,09:41:30,ABC,0
19-04-2024,09:41:31,ABC,0
19-04-2024,09:41:32,ABC,0
19-04-2024,09:41:33,ABC,0
19-04-2024,09:41:34,ABC,105
19-04-2024,09:41:35,ABC,0
19-04-2024,09:41:36,ABC,0
19-04-2024,09:41:37,ABC,0
19-04-2024,09:41:38,ABC,0
19-04-2024,09:41:39,ABC,0
19-04-2024,09:41:40,ABC,0
19-04-2024,09:41:41,ABC,0
19-04-2024,09:41:42,ABC,0
19-04-2024,09:41:43,ABC,0
19-04-2024,09:41:44,ABC,0
19-04-2024,09:41:45,ABC,0
19-04-2024,09:41:46,ABC,0
19-04-2024,09:41:47,ABC,0
19-04-2024,09:41:48,ABC,101
19-04-2024,09:41:49,ABC,0
19-04-2024,09:41:50,ABC,0
19-04-2024,09:41:51,ABC,0
19-04-2024,09:41:52,ABC,0
19-04-2024,09:41:53,ABC,0
19-04-2024,09:41:54,ABC,0
19-04-2024,09:41:55,ABC,0
19-04-2024,09:41:56,ABC,30
19-04-2024,09:41:57,ABC,0
19-04-2024,09:41:58,ABC,0
19-04-2024,09:41:59,ABC,0
19-04-2024,09:42:00,ABC,0
19-04-2024,09:42:01,ABC,0
19-04-2024,09:42:02,ABC,0
19-04-2024,09:42:03,ABC,25
19-04-2024,09:42:04,ABC,0
19-04-2024,09:42:05,ABC,0
19-04-2024,09:42:06,ABC,0
19-04-2024,09:42:07,ABC,0
19-04-2024,09:42:08,ABC,0
19-04-2024,09:42:09,ABC,0
19-04-2024,09:42:10,ABC,137
19-04-2024,09:42:11,ABC,0
19-04-2024,09:42:12,ABC,0
19-04-2024,09:42:13,ABC,0
19-04-2024,09:42:14,ABC,0
19-04-2024,09:42:15,ABC,0
19-04-2024,09:42:16,ABC,0
19-04-2024,09:42:17,ABC,1002
19-04-2024,09:42:18,ABC,0
19-04-2024,09:42:19,ABC,0
19-04-2024,09:42:20,ABC,0
19-04-2024,09:42:21,ABC,0
19-04-2024,09:42:22,ABC,0
19-04-2024,09:42:23,ABC,0
19-04-2024,09:42:24,ABC,775
19-04-2024,09:42:25,ABC,0
19-04-2024,09:42:26,ABC,0
19-04-2024,09:42:27,ABC,0
19-04-2024,09:42:28,ABC,0
19-04-2024,09:42:29,ABC,0
19-04-2024,09:42:30,ABC,0
19-04-2024,09:42:31,ABC,0
19-04-2024,09:42:32,ABC,65
19-04-2024,09:42:33,ABC,0
19-04-2024,09:42:34,ABC,0
19-04-2024,09:42:35,ABC,0
19-04-2024,09:42:36,ABC,0
19-04-2024,09:42:37,ABC,0
19-04-2024,09:42:38,ABC,0
19-04-2024,09:42:39,ABC,80
19-04-2024,09:42:40,ABC,0
19-04-2024,09:42:41,ABC,0
19-04-2024,09:42:42,ABC,0
19-04-2024,09:42:43,ABC,0
19-04-2024,09:42:44,ABC,0
19-04-2024,09:42:45,ABC,0
19-04-2024,09:42:46,ABC,74
19-04-2024,09:42:47,ABC,0
19-04-2024,09:42:48,ABC,0
19-04-2024,09:42:49,ABC,0
19-04-2024,09:42:50,ABC,0
19-04-2024,09:42:51,ABC,0
19-04-2024,09:42:52,ABC,0
19-04-2024,09:42:53,ABC,0
19-04-2024,09:42:54,ABC,0
19-04-2024,09:42:55,ABC,0
19-04-2024,09:42:56,ABC,0
19-04-2024,09:42:57,ABC,0
19-04-2024,09:42:58,ABC,0
19-04-2024,09:42:59,ABC,0
19-04-2024,09:43:00,ABC,225
19-04-2024,09:43:01,ABC,0
19-04-2024,09:43:02,ABC,0
19-04-2024,09:43:03,ABC,0
19-04-2024,09:43:04,ABC,0
19-04-2024,09:43:05,ABC,0
19-04-2024,09:43:06,ABC,0
19-04-2024,09:43:07,ABC,304
19-04-2024,09:43:08,ABC,0
19-04-2024,09:43:09,ABC,0
19-04-2024,09:43:10,ABC,0
19-04-2024,09:43:11,ABC,0
19-04-2024,09:43:12,ABC,0
19-04-2024,09:43:13,ABC,0
19-04-2024,09:43:14,ABC,47
19-04-2024,09:43:15,ABC,0
19-04-2024,09:43:16,ABC,0
19-04-2024,09:43:17,ABC,0
19-04-2024,09:43:18,ABC,0
19-04-2024,09:43:19,ABC,0
19-04-2024,09:43:20,ABC,0
19-04-2024,09:43:21,ABC,2961
19-04-2024,09:43:22,ABC,0
19-04-2024,09:43:23,ABC,0
19-04-2024,09:43:24,ABC,0
19-04-2024,09:43:25,ABC,0
19-04-2024,09:43:26,ABC,0
19-04-2024,09:43:27,ABC,0
19-04-2024,09:43:28,ABC,0
19-04-2024,09:43:29,ABC,261
19-04-2024,09:43:30,ABC,0
19-04-2024,09:43:31,ABC,0
19-04-2024,09:43:32,ABC,0
19-04-2024,09:43:33,ABC,0
19-04-2024,09:43:34,ABC,0
19-04-2024,09:43:35,ABC,0
19-04-2024,09:43:36,ABC,30
19-04-2024,09:43:37,ABC,0
19-04-2024,09:43:38,ABC,0
19-04-2024,09:43:39,ABC,0
19-04-2024,09:43:40,ABC,0
19-04-2024,09:43:41,ABC,0
19-04-2024,09:43:42,ABC,0
19-04-2024,09:43:43,ABC,0
19-04-2024,09:43:44,ABC,5
19-04-2024,09:43:45,ABC,0
19-04-2024,09:43:46,ABC,0
19-04-2024,09:43:47,ABC,0
19-04-2024,09:43:48,ABC,0
19-04-2024,09:43:49,ABC,0
19-04-2024,09:43:50,ABC,0
19-04-2024,09:43:51,ABC,12
19-04-2024,09:43:52,ABC,0
19-04-2024,09:43:53,ABC,0
19-04-2024,09:43:54,ABC,0
19-04-2024,09:43:55,ABC,0
19-04-2024,09:43:56,ABC,0
19-04-2024,09:43:57,ABC,0
19-04-2024,09:43:58,ABC,0
19-04-2024,09:43:59,ABC,0
19-04-2024,09:44:00,ABC,0
19-04-2024,09:44:01,ABC,0
19-04-2024,09:44:02,ABC,0
19-04-2024,09:44:03,ABC,0
19-04-2024,09:44:04,ABC,0
19-04-2024,09:44:05,ABC,2
19-04-2024,09:44:06,ABC,0
19-04-2024,09:44:07,ABC,0
19-04-2024,09:44:08,ABC,0
19-04-2024,09:44:09,ABC,0
19-04-2024,09:44:10,ABC,0
19-04-2024,09:44:11,ABC,0
19-04-2024,09:44:12,ABC,26
19-04-2024,09:44:13,ABC,0
19-04-2024,09:44:14,ABC,0
19-04-2024,09:44:15,ABC,0
19-04-2024,09:44:16,ABC,0
19-04-2024,09:44:17,ABC,0
19-04-2024,09:44:18,ABC,0
19-04-2024,09:44:19,ABC,0
19-04-2024,09:44:20,ABC,135
19-04-2024,09:44:21,ABC,0
19-04-2024,09:44:22,ABC,0
19-04-2024,09:44:23,ABC,0
19-04-2024,09:44:24,ABC,0
19-04-2024,09:44:25,ABC,0
19-04-2024,09:44:26,ABC,0
19-04-2024,09:44:27,ABC,0
19-04-2024,09:44:28,ABC,0
19-04-2024,09:44:29,ABC,0
19-04-2024,09:44:30,ABC,0
19-04-2024,09:44:31,ABC,0
19-04-2024,09:44:32,ABC,0
19-04-2024,09:44:33,ABC,0
19-04-2024,09:44:34,ABC,0
19-04-2024,09:44:35,ABC,55
19-04-2024,09:44:36,ABC,0
19-04-2024,09:44:37,ABC,0
19-04-2024,09:44:38,ABC,0
19-04-2024,09:44:39,ABC,0
19-04-2024,09:44:40,ABC,0
19-04-2024,09:44:41,ABC,0
19-04-2024,09:44:42,ABC,26
19-04-2024,09:44:43,ABC,0
19-04-2024,09:44:44,ABC,0
19-04-2024,09:44:45,ABC,0
19-04-2024,09:44:46,ABC,0
19-04-2024,09:44:47,ABC,0
19-04-2024,09:44:48,ABC,0
19-04-2024,09:44:49,ABC,78
19-04-2024,09:44:50,ABC,0
19-04-2024,09:44:51,ABC,0
19-04-2024,09:44:52,ABC,0
19-04-2024,09:44:53,ABC,0
19-04-2024,09:44:54,ABC,0
19-04-2024,09:44:55,ABC,0
19-04-2024,09:44:56,ABC,641
19-04-2024,09:44:57,ABC,0
19-04-2024,09:44:58,ABC,0
19-04-2024,09:44:59,ABC,0
19-04-2024,09:45:00,ABC,0
19-04-2024,09:45:01,ABC,0
19-04-2024,09:45:02,ABC,0
19-04-2024,09:45:03,ABC,0
19-04-2024,09:45:04,ABC,0
19-04-2024,09:45:05,ABC,0
19-04-2024,09:45:06,ABC,0
19-04-2024,09:45:07,ABC,0
19-04-2024,09:45:08,ABC,0
19-04-2024,09:45:09,ABC,0
19-04-2024,09:45:10,ABC,0
19-04-2024,09:45:11,ABC,0
19-04-2024,09:45:12,ABC,0
19-04-2024,09:45:13,ABC,0
19-04-2024,09:45:14,ABC,0
19-04-2024,09:45:15,ABC,0
19-04-2024,09:45:16,ABC,42
19-04-2024,09:45:17,ABC,0
19-04-2024,09:45:18,ABC,0
19-04-2024,09:45:19,ABC,0
19-04-2024,09:45:20,ABC,0
19-04-2024,09:45:21,ABC,0
19-04-2024,09:45:22,ABC,0
19-04-2024,09:45:23,ABC,151
19-04-2024,09:45:24,ABC,0
19-04-2024,09:45:25,ABC,0
19-04-2024,09:45:26,ABC,0
19-04-2024,09:45:27,ABC,0
19-04-2024,09:45:28,ABC,0
19-04-2024,09:45:29,ABC,0
19-04-2024,09:45:30,ABC,0
19-04-2024,09:45:31,ABC,0
19-04-2024,09:45:32,ABC,0
19-04-2024,09:45:33,ABC,0
19-04-2024,09:45:34,ABC,0
19-04-2024,09:45:35,ABC,0
19-04-2024,09:45:36,ABC,0
19-04-2024,09:45:37,ABC,0
19-04-2024,09:45:38,ABC,0
19-04-2024,09:45:39,ABC,0
19-04-2024,09:45:40,ABC,0
19-04-2024,09:45:41,ABC,0
19-04-2024,09:45:42,ABC,0
19-04-2024,09:45:43,ABC,0
19-04-2024,09:45:44,ABC,0
19-04-2024,09:45:45,ABC,10
19-04-2024,09:45:46,ABC,0
19-04-2024,09:45:47,ABC,0
19-04-2024,09:45:48,ABC,0
19-04-2024,09:45:49,ABC,0
19-04-2024,09:45:50,ABC,0
19-04-2024,09:45:51,ABC,0
19-04-2024,09:45:52,ABC,327
19-04-2024,09:45:53,ABC,0
19-04-2024,09:45:54,ABC,0
19-04-2024,09:45:55,ABC,0
19-04-2024,09:45:56,ABC,0
19-04-2024,09:45:57,ABC,0
19-04-2024,09:45:58,ABC,0
19-04-2024,09:45:59,ABC,0
19-04-2024,09:46:00,ABC,0
19-04-2024,09:46:01,ABC,0
19-04-2024,09:46:02,ABC,0
19-04-2024,09:46:03,ABC,0
19-04-2024,09:46:04,ABC,0
19-04-2024,09:46:05,ABC,0
19-04-2024,09:46:06,ABC,116
19-04-2024,09:46:07,ABC,0
19-04-2024,09:46:08,ABC,0
19-04-2024,09:46:09,ABC,0
19-04-2024,09:46:10,ABC,0
19-04-2024,09:46:11,ABC,0
19-04-2024,09:46:12,ABC,0
19-04-2024,09:46:13,ABC,472
19-04-2024,09:46:14,ABC,0
19-04-2024,09:46:15,ABC,0
19-04-2024,09:46:16,ABC,0
19-04-2024,09:46:17,ABC,0
19-04-2024,09:46:18,ABC,0
19-04-2024,09:46:19,ABC,0
19-04-2024,09:46:20,ABC,0
19-04-2024,09:46:21,ABC,0
19-04-2024,09:46:22,ABC,0
19-04-2024,09:46:23,ABC,0
19-04-2024,09:46:24,ABC,0
19-04-2024,09:46:25,ABC,0
19-04-2024,09:46:26,ABC,0
19-04-2024,09:46:27,ABC,58
19-04-2024,09:46:28,ABC,0
19-04-2024,09:46:29,ABC,0
19-04-2024,09:46:30,ABC,0
19-04-2024,09:46:31,ABC,0
19-04-2024,09:46:32,ABC,0
19-04-2024,09:46:33,ABC,15
19-04-2024,09:46:34,ABC,0
19-04-2024,09:46:35,ABC,0
19-04-2024,09:46:36,ABC,0
19-04-2024,09:46:37,ABC,0
19-04-2024,09:46:38,ABC,0
19-04-2024,09:46:39,ABC,0
19-04-2024,09:46:40,ABC,25
19-04-2024,09:46:41,ABC,0
19-04-2024,09:46:42,ABC,0
19-04-2024,09:46:43,ABC,0
19-04-2024,09:46:44,ABC,0
19-04-2024,09:46:45,ABC,0
19-04-2024,09:46:46,ABC,0
19-04-2024,09:46:47,ABC,0
19-04-2024,09:46:48,ABC,0
19-04-2024,09:46:49,ABC,0
19-04-2024,09:46:50,ABC,0
19-04-2024,09:46:51,ABC,0
19-04-2024,09:46:52,ABC,0
19-04-2024,09:46:53,ABC,0
19-04-2024,09:46:54,ABC,2
19-04-2024,09:46:55,ABC,0
19-04-2024,09:46:56,ABC,0
19-04-2024,09:46:57,ABC,0
19-04-2024,09:46:58,ABC,0
19-04-2024,09:46:59,ABC,0
19-04-2024,09:47:00,ABC,0
19-04-2024,09:47:01,ABC,11
19-04-2024,09:47:02,ABC,0
19-04-2024,09:47:03,ABC,0
19-04-2024,09:47:04,ABC,0
19-04-2024,09:47:05,ABC,0
19-04-2024,09:47:06,ABC,0
19-04-2024,09:47:07,ABC,0
19-04-2024,09:47:08,ABC,50
19-04-2024,09:47:09,ABC,0
19-04-2024,09:47:10,ABC,0
19-04-2024,09:47:11,ABC,0
19-04-2024,09:47:12,ABC,0
19-04-2024,09:47:13,ABC,0
19-04-2024,09:47:14,ABC,0
19-04-2024,09:47:15,ABC,1070
19-04-2024,09:47:16,ABC,0
19-04-2024,09:47:17,ABC,0
19-04-2024,09:47:18,ABC,0
19-04-2024,09:47:19,ABC,0
19-04-2024,09:47:20,ABC,0
19-04-2024,09:47:21,ABC,0
19-04-2024,09:47:22,ABC,0
19-04-2024,09:47:23,ABC,5
19-04-2024,09:47:24,ABC,0
19-04-2024,09:47:25,ABC,0
19-04-2024,09:47:26,ABC,0
19-04-2024,09:47:27,ABC,0
19-04-2024,09:47:28,ABC,0
19-04-2024,09:47:29,ABC,180
19-04-2024,09:47:30,ABC,0
19-04-2024,09:47:31,ABC,0
19-04-2024,09:47:32,ABC,0
19-04-2024,09:47:33,ABC,0
19-04-2024,09:47:34,ABC,0
19-04-2024,09:47:35,ABC,0
19-04-2024,09:47:36,ABC,0
19-04-2024,09:47:37,ABC,0
19-04-2024,09:47:38,ABC,0
19-04-2024,09:47:39,ABC,0
19-04-2024,09:47:40,ABC,0
19-04-2024,09:47:41,ABC,0
19-04-2024,09:47:42,ABC,0
19-04-2024,09:47:43,ABC,0
19-04-2024,09:47:44,ABC,130
19-04-2024,09:47:45,ABC,0
19-04-2024,09:47:46,ABC,0
19-04-2024,09:47:47,ABC,0
19-04-2024,09:47:48,ABC,0
19-04-2024,09:47:49,ABC,0
19-04-2024,09:47:50,ABC,0
19-04-2024,09:47:51,ABC,0
19-04-2024,09:47:52,ABC,0
19-04-2024,09:47:53,ABC,0
19-04-2024,09:47:54,ABC,0
19-04-2024,09:47:55,ABC,0
19-04-2024,09:47:56,ABC,0
19-04-2024,09:47:57,ABC,0
19-04-2024,09:47:58,ABC,7526
19-04-2024,09:47:59,ABC,0
19-04-2024,09:48:00,ABC,0
19-04-2024,09:48:01,ABC,0
19-04-2024,09:48:02,ABC,0
19-04-2024,09:48:03,ABC,0
19-04-2024,09:48:04,ABC,0
19-04-2024,09:48:05,ABC,20
19-04-2024,09:48:06,ABC,0
19-04-2024,09:48:07,ABC,0
19-04-2024,09:48:08,ABC,0
19-04-2024,09:48:09,ABC,0
19-04-2024,09:48:10,ABC,0
19-04-2024,09:48:11,ABC,0
19-04-2024,09:48:12,ABC,25
19-04-2024,09:48:13,ABC,0
19-04-2024,09:48:14,ABC,0
19-04-2024,09:48:15,ABC,0
19-04-2024,09:48:16,ABC,0
19-04-2024,09:48:17,ABC,0
19-04-2024,09:48:18,ABC,0
19-04-2024,09:48:19,ABC,101
19-04-2024,09:48:20,ABC,0
19-04-2024,09:48:21,ABC,0
19-04-2024,09:48:22,ABC,0
19-04-2024,09:48:23,ABC,0
19-04-2024,09:48:24,ABC,0
19-04-2024,09:48:25,ABC,0
19-04-2024,09:48:26,ABC,345
19-04-2024,09:48:27,ABC,0
19-04-2024,09:48:28,ABC,0
19-04-2024,09:48:29,ABC,0
19-04-2024,09:48:30,ABC,0
19-04-2024,09:48:31,ABC,0
19-04-2024,09:48:32,ABC,0
19-04-2024,09:48:33,ABC,113
19-04-2024,09:48:34,ABC,0
19-04-2024,09:48:35,ABC,0
19-04-2024,09:48:36,ABC,0
19-04-2024,09:48:37,ABC,0
19-04-2024,09:48:38,ABC,0
19-04-2024,09:48:39,ABC,0
19-04-2024,09:48:40,ABC,1
19-04-2024,09:48:41,ABC,0
19-04-2024,09:48:42,ABC,0
19-04-2024,09:48:43,ABC,0
19-04-2024,09:48:44,ABC,0
19-04-2024,09:48:45,ABC,0
19-04-2024,09:48:46,ABC,0
19-04-2024,09:48:47,ABC,1
19-04-2024,09:48:48,ABC,0
19-04-2024,09:48:49,ABC,0
19-04-2024,09:48:50,ABC,0
19-04-2024,09:48:51,ABC,0
19-04-2024,09:48:52,ABC,0
19-04-2024,09:48:53,ABC,0
19-04-2024,09:48:54,ABC,1277
19-04-2024,09:48:55,ABC,0
19-04-2024,09:48:56,ABC,0
19-04-2024,09:48:57,ABC,0
19-04-2024,09:48:58,ABC,0
19-04-2024,09:48:59,ABC,0
19-04-2024,09:49:00,ABC,0
19-04-2024,09:49:01,ABC,30
19-04-2024,09:49:02,ABC,0
19-04-2024,09:49:03,ABC,0
19-04-2024,09:49:04,ABC,0
19-04-2024,09:49:05,ABC,0
19-04-2024,09:49:06,ABC,0
19-04-2024,09:49:07,ABC,0
19-04-2024,09:49:08,ABC,0
19-04-2024,09:49:09,ABC,0
19-04-2024,09:49:10,ABC,0
19-04-2024,09:49:11,ABC,0
19-04-2024,09:49:12,ABC,0
19-04-2024,09:49:13,ABC,0
19-04-2024,09:49:14,ABC,0
19-04-2024,09:49:15,ABC,115
19-04-2024,09:49:16,ABC,0
19-04-2024,09:49:17,ABC,0
19-04-2024,09:49:18,ABC,0
19-04-2024,09:49:19,ABC,0
19-04-2024,09:49:20,ABC,0
19-04-2024,09:49:21,ABC,0
19-04-2024,09:49:22,ABC,5
19-04-2024,09:49:23,ABC,0
19-04-2024,09:49:24,ABC,0
19-04-2024,09:49:25,ABC,0
19-04-2024,09:49:26,ABC,0
19-04-2024,09:49:27,ABC,0
19-04-2024,09:49:28,ABC,251
19-04-2024,09:49:29,ABC,0
19-04-2024,09:49:30,ABC,0
19-04-2024,09:49:31,ABC,0
19-04-2024,09:49:32,ABC,0
19-04-2024,09:49:33,ABC,0
19-04-2024,09:49:34,ABC,48
19-04-2024,09:49:35,ABC,0
19-04-2024,09:49:36,ABC,0
19-04-2024,09:49:37,ABC,0
19-04-2024,09:49:38,ABC,0
19-04-2024,09:49:39,ABC,0
19-04-2024,09:49:40,ABC,0
19-04-2024,09:49:41,ABC,70
19-04-2024,09:49:42,ABC,0
19-04-2024,09:49:43,ABC,0
19-04-2024,09:49:44,ABC,0
19-04-2024,09:49:45,ABC,0
19-04-2024,09:49:46,ABC,0
19-04-2024,09:49:47,ABC,0
19-04-2024,09:49:48,ABC,10
19-04-2024,09:49:49,ABC,0
19-04-2024,09:49:50,ABC,0
19-04-2024,09:49:51,ABC,0
19-04-2024,09:49:52,ABC,0
19-04-2024,09:49:53,ABC,0
19-04-2024,09:49:54,ABC,0
19-04-2024,09:49:55,ABC,337
19-04-2024,09:49:56,ABC,0
19-04-2024,09:49:57,ABC,0
19-04-2024,09:49:58,ABC,0
19-04-2024,09:49:59,ABC,0
19-04-2024,09:50:00,ABC,0
19-04-2024,09:50:01,ABC,0
19-04-2024,09:50:02,ABC,6
19-04-2024,09:50:03,ABC,0
19-04-2024,09:50:04,ABC,0
19-04-2024,09:50:05,ABC,0
19-04-2024,09:50:06,ABC,0
19-04-2024,09:50:07,ABC,0
19-04-2024,09:50:08,ABC,0
19-04-2024,09:50:09,ABC,11
19-04-2024,09:50:10,ABC,0
19-04-2024,09:50:11,ABC,0
19-04-2024,09:50:12,ABC,0
19-04-2024,09:50:13,ABC,0
19-04-2024,09:50:14,ABC,0
19-04-2024,09:50:15,ABC,0
19-04-2024,09:50:16,ABC,9
19-04-2024,09:50:17,ABC,0
19-04-2024,09:50:18,ABC,0
19-04-2024,09:50:19,ABC,0
19-04-2024,09:50:20,ABC,0
19-04-2024,09:50:21,ABC,0
19-04-2024,09:50:22,ABC,0
19-04-2024,09:50:23,ABC,0
19-04-2024,09:50:24,ABC,0
19-04-2024,09:50:25,ABC,0
19-04-2024,09:50:26,ABC,0
19-04-2024,09:50:27,ABC,0
19-04-2024,09:50:28,ABC,0
19-04-2024,09:50:29,ABC,26
19-04-2024,09:50:30,ABC,0
19-04-2024,09:50:31,ABC,0
19-04-2024,09:50:32,ABC,0
19-04-2024,09:50:33,ABC,0
19-04-2024,09:50:34,ABC,0
19-04-2024,09:50:35,ABC,0
19-04-2024,09:50:36,ABC,0
19-04-2024,09:50:37,ABC,0
19-04-2024,09:50:38,ABC,0
19-04-2024,09:50:39,ABC,0
19-04-2024,09:50:40,ABC,0
19-04-2024,09:50:41,ABC,0
19-04-2024,09:50:42,ABC,7
19-04-2024,09:50:43,ABC,0
19-04-2024,09:50:44,ABC,0
19-04-2024,09:50:45,ABC,0
19-04-2024,09:50:46,ABC,0
19-04-2024,09:50:47,ABC,0
19-04-2024,09:50:48,ABC,1
19-04-2024,09:50:49,ABC,0
19-04-2024,09:50:50,ABC,0
19-04-2024,09:50:51,ABC,0
19-04-2024,09:50:52,ABC,0
19-04-2024,09:50:53,ABC,0
19-04-2024,09:50:54,ABC,0
19-04-2024,09:50:55,ABC,0
19-04-2024,09:50:56,ABC,0
19-04-2024,09:50:57,ABC,0
19-04-2024,09:50:58,ABC,0
19-04-2024,09:50:59,ABC,0
19-04-2024,09:51:00,ABC,0
19-04-2024,09:51:01,ABC,0
19-04-2024,09:51:02,ABC,0
19-04-2024,09:51:03,ABC,0
19-04-2024,09:51:04,ABC,0
19-04-2024,09:51:05,ABC,0
19-04-2024,09:51:06,ABC,0
19-04-2024,09:51:07,ABC,0
19-04-2024,09:51:08,ABC,0
19-04-2024,09:51:09,ABC,0
19-04-2024,09:51:10,ABC,0
19-04-2024,09:51:11,ABC,0
19-04-2024,09:51:12,ABC,0
19-04-2024,09:51:13,ABC,0
19-04-2024,09:51:14,ABC,0
19-04-2024,09:51:15,ABC,0
19-04-2024,09:51:16,ABC,0
19-04-2024,09:51:17,ABC,0
19-04-2024,09:51:18,ABC,0
19-04-2024,09:51:19,ABC,0
19-04-2024,09:51:20,ABC,0
19-04-2024,09:51:21,ABC,0
19-04-2024,09:51:22,ABC,0
19-04-2024,09:51:23,ABC,0
19-04-2024,09:51:24,ABC,0
19-04-2024,09:51:25,ABC,0
19-04-2024,09:51:26,ABC,0
19-04-2024,09:51:27,ABC,0
19-04-2024,09:51:28,ABC,0
19-04-2024,09:51:29,ABC,1096
19-04-2024,09:51:30,ABC,0
19-04-2024,09:51:31,ABC,0
19-04-2024,09:51:32,ABC,0
19-04-2024,09:51:33,ABC,0
19-04-2024,09:51:34,ABC,0
19-04-2024,09:51:35,ABC,0
19-04-2024,09:51:36,ABC,205
19-04-2024,09:51:37,ABC,0
19-04-2024,09:51:38,ABC,0
19-04-2024,09:51:39,ABC,0
19-04-2024,09:51:40,ABC,0
19-04-2024,09:51:41,ABC,0
19-04-2024,09:51:42,ABC,0
19-04-2024,09:51:43,ABC,39
19-04-2024,09:51:44,ABC,0
19-04-2024,09:51:45,ABC,0
19-04-2024,09:51:46,ABC,0
19-04-2024,09:51:47,ABC,0
19-04-2024,09:51:48,ABC,0
19-04-2024,09:51:49,ABC,0
19-04-2024,09:51:50,ABC,0
19-04-2024,09:51:51,ABC,0
19-04-2024,09:51:52,ABC,0
19-04-2024,09:51:53,ABC,0
19-04-2024,09:51:54,ABC,0
19-04-2024,09:51:55,ABC,0
19-04-2024,09:51:56,ABC,0
19-04-2024,09:51:57,ABC,720
19-04-2024,09:51:58,ABC,0
19-04-2024,09:51:59,ABC,0
19-04-2024,09:52:00,ABC,0
19-04-2024,09:52:01,ABC,0
19-04-2024,09:52:02,ABC,0
19-04-2024,09:52:03,ABC,0
19-04-2024,09:52:04,ABC,245
19-04-2024,09:52:05,ABC,0
19-04-2024,09:52:06,ABC,0
19-04-2024,09:52:07,ABC,0
19-04-2024,09:52:08,ABC,0
19-04-2024,09:52:09,ABC,0
19-04-2024,09:52:10,ABC,3723
19-04-2024,09:52:11,ABC,0
19-04-2024,09:52:12,ABC,0
19-04-2024,09:52:13,ABC,0
19-04-2024,09:52:14,ABC,0
19-04-2024,09:52:15,ABC,0
19-04-2024,09:52:16,ABC,0
19-04-2024,09:52:17,ABC,241
19-04-2024,09:52:18,ABC,0
19-04-2024,09:52:19,ABC,0
19-04-2024,09:52:20,ABC,0
19-04-2024,09:52:21,ABC,0
19-04-2024,09:52:22,ABC,0
19-04-2024,09:52:23,ABC,0
19-04-2024,09:52:24,ABC,109
19-04-2024,09:52:25,ABC,0
19-04-2024,09:52:26,ABC,0
19-04-2024,09:52:27,ABC,0
19-04-2024,09:52:28,ABC,0
19-04-2024,09:52:29,ABC,0
19-04-2024,09:52:30,ABC,290
19-04-2024,09:52:31,ABC,0
19-04-2024,09:52:32,ABC,0
19-04-2024,09:52:33,ABC,0
19-04-2024,09:52:34,ABC,0
19-04-2024,09:52:35,ABC,0
19-04-2024,09:52:36,ABC,0
19-04-2024,09:52:37,ABC,697
19-04-2024,09:52:38,ABC,0
19-04-2024,09:52:39,ABC,0
19-04-2024,09:52:40,ABC,0
19-04-2024,09:52:41,ABC,0
19-04-2024,09:52:42,ABC,0
19-04-2024,09:52:43,ABC,0
19-04-2024,09:52:44,ABC,354
19-04-2024,09:52:45,ABC,0
19-04-2024,09:52:46,ABC,0
19-04-2024,09:52:47,ABC,0
19-04-2024,09:52:48,ABC,0
19-04-2024,09:52:49,ABC,0
19-04-2024,09:52:50,ABC,0
19-04-2024,09:52:51,ABC,50
19-04-2024,09:52:52,ABC,0
19-04-2024,09:52:53,ABC,0
19-04-2024,09:52:54,ABC,0
19-04-2024,09:52:55,ABC,0
19-04-2024,09:52:56,ABC,0
19-04-2024,09:52:57,ABC,423
19-04-2024,09:52:58,ABC,0
19-04-2024,09:52:59,ABC,0
19-04-2024,09:53:00,ABC,0
19-04-2024,09:53:01,ABC,0
19-04-2024,09:53:02,ABC,0
19-04-2024,09:53:03,ABC,0
19-04-2024,09:53:04,ABC,37
19-04-2024,09:53:05,ABC,0
19-04-2024,09:53:06,ABC,0
19-04-2024,09:53:07,ABC,0
19-04-2024,09:53:08,ABC,0
19-04-2024,09:53:09,ABC,0
19-04-2024,09:53:10,ABC,97
19-04-2024,09:53:11,ABC,0
19-04-2024,09:53:12,ABC,0
19-04-2024,09:53:13,ABC,0
19-04-2024,09:53:14,ABC,0
19-04-2024,09:53:15,ABC,0
19-04-2024,09:53:16,ABC,0
19-04-2024,09:53:17,ABC,0
19-04-2024,09:53:18,ABC,957
19-04-2024,09:53:19,ABC,0
19-04-2024,09:53:20,ABC,0
19-04-2024,09:53:21,ABC,0
19-04-2024,09:53:22,ABC,0
19-04-2024,09:53:23,ABC,0
19-04-2024,09:53:24,ABC,31
19-04-2024,09:53:25,ABC,0
19-04-2024,09:53:26,ABC,0
19-04-2024,09:53:27,ABC,0
19-04-2024,09:53:28,ABC,0
19-04-2024,09:53:29,ABC,0
19-04-2024,09:53:30,ABC,0
19-04-2024,09:53:31,ABC,3000
19-04-2024,09:53:32,ABC,0
19-04-2024,09:53:33,ABC,0
19-04-2024,09:53:34,ABC,0
19-04-2024,09:53:35,ABC,0
19-04-2024,09:53:36,ABC,0
19-04-2024,09:53:37,ABC,293
19-04-2024,09:53:38,ABC,0
19-04-2024,09:53:39,ABC,0
19-04-2024,09:53:40,ABC,0
19-04-2024,09:53:41,ABC,0
19-04-2024,09:53:42,ABC,0
19-04-2024,09:53:43,ABC,0
19-04-2024,09:53:44,ABC,15
19-04-2024,09:53:45,ABC,0
19-04-2024,09:53:46,ABC,0
19-04-2024,09:53:47,ABC,0
19-04-2024,09:53:48,ABC,0
19-04-2024,09:53:49,ABC,0
19-04-2024,09:53:50,ABC,0
19-04-2024,09:53:51,ABC,15
19-04-2024,09:53:52,ABC,0
19-04-2024,09:53:53,ABC,0
19-04-2024,09:53:54,ABC,0
19-04-2024,09:53:55,ABC,0
19-04-2024,09:53:56,ABC,0
19-04-2024,09:53:57,ABC,0
19-04-2024,09:53:58,ABC,16
19-04-2024,09:53:59,ABC,0
19-04-2024,09:54:00,ABC,0
19-04-2024,09:54:01,ABC,0
19-04-2024,09:54:02,ABC,0
19-04-2024,09:54:03,ABC,0
19-04-2024,09:54:04,ABC,26
19-04-2024,09:54:05,ABC,0
19-04-2024,09:54:06,ABC,0
19-04-2024,09:54:07,ABC,0
19-04-2024,09:54:08,ABC,0
19-04-2024,09:54:09,ABC,0
19-04-2024,09:54:10,ABC,0
19-04-2024,09:54:11,ABC,139
19-04-2024,09:54:12,ABC,0
19-04-2024,09:54:13,ABC,0
19-04-2024,09:54:14,ABC,0
19-04-2024,09:54:15,ABC,0
19-04-2024,09:54:16,ABC,0
19-04-2024,09:54:17,ABC,0
19-04-2024,09:54:18,ABC,0
19-04-2024,09:54:19,ABC,0
19-04-2024,09:54:20,ABC,0
19-04-2024,09:54:21,ABC,0
19-04-2024,09:54:22,ABC,0
19-04-2024,09:54:23,ABC,0
19-04-2024,09:54:24,ABC,100
19-04-2024,09:54:25,ABC,0
19-04-2024,09:54:26,ABC,0
19-04-2024,09:54:27,ABC,0
19-04-2024,09:54:28,ABC,0
19-04-2024,09:54:29,ABC,0
19-04-2024,09:54:30,ABC,0
19-04-2024,09:54:31,ABC,2213
19-04-2024,09:54:32,ABC,0
19-04-2024,09:54:33,ABC,0
19-04-2024,09:54:34,ABC,0
19-04-2024,09:54:35,ABC,0
19-04-2024,09:54:36,ABC,0
19-04-2024,09:54:37,ABC,0
19-04-2024,09:54:38,ABC,330
19-04-2024,09:54:39,ABC,0
19-04-2024,09:54:40,ABC,0
19-04-2024,09:54:41,ABC,0
19-04-2024,09:54:42,ABC,0
19-04-2024,09:54:43,ABC,0
19-04-2024,09:54:44,ABC,3
19-04-2024,09:54:45,ABC,0
19-04-2024,09:54:46,ABC,0
19-04-2024,09:54:47,ABC,0
19-04-2024,09:54:48,ABC,0
19-04-2024,09:54:49,ABC,0
19-04-2024,09:54:50,ABC,0
19-04-2024,09:54:51,ABC,165
19-04-2024,09:54:52,ABC,0
19-04-2024,09:54:53,ABC,0
19-04-2024,09:54:54,ABC,0
19-04-2024,09:54:55,ABC,0
19-04-2024,09:54:56,ABC,0
19-04-2024,09:54:57,ABC,40
19-04-2024,09:54:58,ABC,0
19-04-2024,09:54:59,ABC,0
19-04-2024,09:55:00,ABC,0
19-04-2024,09:55:01,ABC,0
19-04-2024,09:55:02,ABC,0
19-04-2024,09:55:03,ABC,0
19-04-2024,09:55:04,ABC,435
19-04-2024,09:55:05,ABC,0
19-04-2024,09:55:06,ABC,0
19-04-2024,09:55:07,ABC,0
19-04-2024,09:55:08,ABC,0
19-04-2024,09:55:09,ABC,0
19-04-2024,09:55:10,ABC,0
19-04-2024,09:55:11,ABC,59
19-04-2024,09:55:12,ABC,0
19-04-2024,09:55:13,ABC,0
19-04-2024,09:55:14,ABC,0
19-04-2024,09:55:15,ABC,0
19-04-2024,09:55:16,ABC,0
19-04-2024,09:55:17,ABC,20
19-04-2024,09:55:18,ABC,0
19-04-2024,09:55:19,ABC,0
19-04-2024,09:55:20,ABC,0
19-04-2024,09:55:21,ABC,0
19-04-2024,09:55:22,ABC,0
19-04-2024,09:55:23,ABC,0
19-04-2024,09:55:24,ABC,11
19-04-2024,09:55:25,ABC,0
19-04-2024,09:55:26,ABC,0
19-04-2024,09:55:27,ABC,0
19-04-2024,09:55:28,ABC,0
19-04-2024,09:55:29,ABC,0
19-04-2024,09:55:30,ABC,0
19-04-2024,09:55:31,ABC,400
19-04-2024,09:55:32,ABC,0
19-04-2024,09:55:33,ABC,0
19-04-2024,09:55:34,ABC,0
19-04-2024,09:55:35,ABC,0
19-04-2024,09:55:36,ABC,0
19-04-2024,09:55:37,ABC,0
19-04-2024,09:55:38,ABC,271
19-04-2024,09:55:39,ABC,0
19-04-2024,09:55:40,ABC,0
19-04-2024,09:55:41,ABC,0
19-04-2024,09:55:42,ABC,0
19-04-2024,09:55:43,ABC,0
19-04-2024,09:55:44,ABC,0
19-04-2024,09:55:45,ABC,201
19-04-2024,09:55:46,ABC,0
19-04-2024,09:55:47,ABC,0
19-04-2024,09:55:48,ABC,0
19-04-2024,09:55:49,ABC,0
19-04-2024,09:55:50,ABC,0
19-04-2024,09:55:51,ABC,0
19-04-2024,09:55:52,ABC,75
19-04-2024,09:55:53,ABC,0
19-04-2024,09:55:54,ABC,0
19-04-2024,09:55:55,ABC,0
19-04-2024,09:55:56,ABC,0
19-04-2024,09:55:57,ABC,0
19-04-2024,09:55:58,ABC,64
19-04-2024,09:55:59,ABC,0
19-04-2024,09:56:00,ABC,0
19-04-2024,09:56:01,ABC,0
19-04-2024,09:56:02,ABC,0
19-04-2024,09:56:03,ABC,0
19-04-2024,09:56:04,ABC,0
19-04-2024,09:56:05,ABC,16
19-04-2024,09:56:06,ABC,0
19-04-2024,09:56:07,ABC,0
19-04-2024,09:56:08,ABC,0
19-04-2024,09:56:09,ABC,0
19-04-2024,09:56:10,ABC,0
19-04-2024,09:56:11,ABC,0
19-04-2024,09:56:12,ABC,0
19-04-2024,09:56:13,ABC,0
19-04-2024,09:56:14,ABC,0
19-04-2024,09:56:15,ABC,0
19-04-2024,09:56:16,ABC,0
19-04-2024,09:56:17,ABC,0
19-04-2024,09:56:18,ABC,0
19-04-2024,09:56:19,ABC,0
19-04-2024,09:56:20,ABC,0
19-04-2024,09:56:21,ABC,0
19-04-2024,09:56:22,ABC,0
19-04-2024,09:56:23,ABC,0
19-04-2024,09:56:24,ABC,0
19-04-2024,09:56:25,ABC,0
19-04-2024,09:56:26,ABC,2
19-04-2024,09:56:27,ABC,0
19-04-2024,09:56:28,ABC,0
19-04-2024,09:56:29,ABC,0
19-04-2024,09:56:30,ABC,0
19-04-2024,09:56:31,ABC,0
19-04-2024,09:56:32,ABC,0
19-04-2024,09:56:33,ABC,5
19-04-2024,09:56:34,ABC,0
19-04-2024,09:56:35,ABC,0
19-04-2024,09:56:36,ABC,0
19-04-2024,09:56:37,ABC,0
19-04-2024,09:56:38,ABC,0
19-04-2024,09:56:39,ABC,25
19-04-2024,09:56:40,ABC,0
19-04-2024,09:56:41,ABC,0
19-04-2024,09:56:42,ABC,0
19-04-2024,09:56:43,ABC,0
19-04-2024,09:56:44,ABC,0
19-04-2024,09:56:45,ABC,0
19-04-2024,09:56:46,ABC,907
19-04-2024,09:56:47,ABC,0
19-04-2024,09:56:48,ABC,0
19-04-2024,09:56:49,ABC,0
19-04-2024,09:56:50,ABC,0
19-04-2024,09:56:51,ABC,0
19-04-2024,09:56:52,ABC,0
19-04-2024,09:56:53,ABC,0
19-04-2024,09:56:54,ABC,0
19-04-2024,09:56:55,ABC,0
19-04-2024,09:56:56,ABC,0
19-04-2024,09:56:57,ABC,0
19-04-2024,09:56:58,ABC,583
19-04-2024,09:56:59,ABC,0
19-04-2024,09:57:00,ABC,0
19-04-2024,09:57:01,ABC,0
19-04-2024,09:57:02,ABC,0
19-04-2024,09:57:03,ABC,0
19-04-2024,09:57:04,ABC,0
19-04-2024,09:57:05,ABC,143
19-04-2024,09:57:06,ABC,0
19-04-2024,09:57:07,ABC,0
19-04-2024,09:57:08,ABC,0
19-04-2024,09:57:09,ABC,0
19-04-2024,09:57:10,ABC,0
19-04-2024,09:57:11,ABC,0
19-04-2024,09:57:12,ABC,0
19-04-2024,09:57:13,ABC,0
19-04-2024,09:57:14,ABC,0
19-04-2024,09:57:15,ABC,0
19-04-2024,09:57:16,ABC,0
19-04-2024,09:57:17,ABC,0
19-04-2024,09:57:18,ABC,154
19-04-2024,09:57:19,ABC,0
19-04-2024,09:57:20,ABC,0
19-04-2024,09:57:21,ABC,0
19-04-2024,09:57:22,ABC,0
19-04-2024,09:57:23,ABC,0
19-04-2024,09:57:24,ABC,0
19-04-2024,09:57:25,ABC,237
19-04-2024,09:57:26,ABC,0
19-04-2024,09:57:27,ABC,0
19-04-2024,09:57:28,ABC,0
19-04-2024,09:57:29,ABC,0
19-04-2024,09:57:30,ABC,0
19-04-2024,09:57:31,ABC,0
19-04-2024,09:57:32,ABC,0
19-04-2024,09:57:33,ABC,0
19-04-2024,09:57:34,ABC,0
19-04-2024,09:57:35,ABC,0
19-04-2024,09:57:36,ABC,0
19-04-2024,09:57:37,ABC,0
19-04-2024,09:57:38,ABC,0
19-04-2024,09:57:39,ABC,0
19-04-2024,09:57:40,ABC,0
19-04-2024,09:57:41,ABC,0
19-04-2024,09:57:42,ABC,0
19-04-2024,09:57:43,ABC,0
19-04-2024,09:57:44,ABC,0
19-04-2024,09:57:45,ABC,559
19-04-2024,09:57:46,ABC,0
19-04-2024,09:57:47,ABC,0
19-04-2024,09:57:48,ABC,0
19-04-2024,09:57:49,ABC,0
19-04-2024,09:57:50,ABC,0
19-04-2024,09:57:51,ABC,0
19-04-2024,09:57:52,ABC,5
19-04-2024,09:57:53,ABC,0
19-04-2024,09:57:54,ABC,0
19-04-2024,09:57:55,ABC,0
19-04-2024,09:57:56,ABC,0
19-04-2024,09:57:57,ABC,0
19-04-2024,09:57:58,ABC,0
19-04-2024,09:57:59,ABC,0
19-04-2024,09:58:00,ABC,0
19-04-2024,09:58:01,ABC,0
19-04-2024,09:58:02,ABC,0
19-04-2024,09:58:03,ABC,0
19-04-2024,09:58:04,ABC,0
19-04-2024,09:58:05,ABC,7
19-04-2024,09:58:06,ABC,0
19-04-2024,09:58:07,ABC,0
19-04-2024,09:58:08,ABC,0
19-04-2024,09:58:09,ABC,0
19-04-2024,09:58:10,ABC,0
19-04-2024,09:58:11,ABC,0
19-04-2024,09:58:12,ABC,6
19-04-2024,09:58:13,ABC,0
19-04-2024,09:58:14,ABC,0
19-04-2024,09:58:15,ABC,0
19-04-2024,09:58:16,ABC,0
19-04-2024,09:58:17,ABC,0
19-04-2024,09:58:18,ABC,0
19-04-2024,09:58:19,ABC,2
19-04-2024,09:58:20,ABC,0
19-04-2024,09:58:21,ABC,0
19-04-2024,09:58:22,ABC,0
19-04-2024,09:58:23,ABC,0
19-04-2024,09:58:24,ABC,0
19-04-2024,09:58:25,ABC,0
19-04-2024,09:58:26,ABC,0
19-04-2024,09:58:27,ABC,0
19-04-2024,09:58:28,ABC,0
19-04-2024,09:58:29,ABC,0
19-04-2024,09:58:30,ABC,0
19-04-2024,09:58:31,ABC,0
19-04-2024,09:58:32,ABC,7
19-04-2024,09:58:33,ABC,0
19-04-2024,09:58:34,ABC,0
19-04-2024,09:58:35,ABC,0
19-04-2024,09:58:36,ABC,0
19-04-2024,09:58:37,ABC,0
19-04-2024,09:58:38,ABC,3538
19-04-2024,09:58:39,ABC,0
19-04-2024,09:58:40,ABC,0
19-04-2024,09:58:41,ABC,0
19-04-2024,09:58:42,ABC,0
19-04-2024,09:58:43,ABC,0
19-04-2024,09:58:44,ABC,0
19-04-2024,09:58:45,ABC,100
19-04-2024,09:58:46,ABC,0
19-04-2024,09:58:47,ABC,0
19-04-2024,09:58:48,ABC,0
19-04-2024,09:58:49,ABC,0
19-04-2024,09:58:50,ABC,0
19-04-2024,09:58:51,ABC,0
19-04-2024,09:58:52,ABC,102
19-04-2024,09:58:53,ABC,0
19-04-2024,09:58:54,ABC,0
19-04-2024,09:58:55,ABC,0
19-04-2024,09:58:56,ABC,0
19-04-2024,09:58:57,ABC,0
19-04-2024,09:58:58,ABC,0
19-04-2024,09:58:59,ABC,0
19-04-2024,09:59:00,ABC,0
19-04-2024,09:59:01,ABC,0
19-04-2024,09:59:02,ABC,0
19-04-2024,09:59:03,ABC,0
19-04-2024,09:59:04,ABC,0
19-04-2024,09:59:05,ABC,0
19-04-2024,09:59:06,ABC,0
19-04-2024,09:59:07,ABC,0
19-04-2024,09:59:08,ABC,0
19-04-2024,09:59:09,ABC,0
19-04-2024,09:59:10,ABC,0
19-04-2024,09:59:11,ABC,0
19-04-2024,09:59:12,ABC,0
19-04-2024,09:59:13,ABC,15
19-04-2024,09:59:14,ABC,0
19-04-2024,09:59:15,ABC,0
19-04-2024,09:59:16,ABC,0
19-04-2024,09:59:17,ABC,0
19-04-2024,09:59:18,ABC,0
19-04-2024,09:59:19,ABC,223
19-04-2024,09:59:20,ABC,0
19-04-2024,09:59:21,ABC,0
19-04-2024,09:59:22,ABC,0
19-04-2024,09:59:23,ABC,0
19-04-2024,09:59:24,ABC,0
19-04-2024,09:59:25,ABC,0
19-04-2024,09:59:26,ABC,67
19-04-2024,09:59:27,ABC,0
19-04-2024,09:59:28,ABC,0
19-04-2024,09:59:29,ABC,0
19-04-2024,09:59:30,ABC,0
19-04-2024,09:59:31,ABC,0
19-04-2024,09:59:32,ABC,34
19-04-2024,09:59:33,ABC,0
19-04-2024,09:59:34,ABC,0
19-04-2024,09:59:35,ABC,0
19-04-2024,09:59:36,ABC,0
19-04-2024,09:59:37,ABC,0
19-04-2024,09:59:38,ABC,0
19-04-2024,09:59:39,ABC,400
19-04-2024,09:59:40,ABC,0
19-04-2024,09:59:41,ABC,0
19-04-2024,09:59:42,ABC,0
19-04-2024,09:59:43,ABC,0
19-04-2024,09:59:44,ABC,0
19-04-2024,09:59:45,ABC,0
19-04-2024,09:59:46,ABC,51
19-04-2024,09:59:47,ABC,0
19-04-2024,09:59:48,ABC,0
19-04-2024,09:59:49,ABC,0
19-04-2024,09:59:50,ABC,0
19-04-2024,09:59:51,ABC,0
19-04-2024,09:59:52,ABC,0
19-04-2024,09:59:53,ABC,10
19-04-2024,09:59:54,ABC,0
19-04-2024,09:59:55,ABC,0
19-04-2024,09:59:56,ABC,0
19-04-2024,09:59:57,ABC,0
19-04-2024,09:59:58,ABC,0
19-04-2024,09:59:59,ABC,0
19-04-2024,10:00:00,ABC,0
19-04-2024,10:00:01,ABC,0
19-04-2024,10:00:02,ABC,0
19-04-2024,10:00:03,ABC,0
19-04-2024,10:00:04,ABC,0
19-04-2024,10:00:05,ABC,0
19-04-2024,10:00:06,ABC,21
19-04-2024,10:00:07,ABC,0
19-04-2024,10:00:08,ABC,0
19-04-2024,10:00:09,ABC,0
19-04-2024,10:00:10,ABC,0
19-04-2024,10:00:11,ABC,0
19-04-2024,10:00:12,ABC,0
19-04-2024,10:00:13,ABC,10
19-04-2024,10:00:14,ABC,0
19-04-2024,10:00:15,ABC,0
19-04-2024,10:00:16,ABC,0
19-04-2024,10:00:17,ABC,0
19-04-2024,10:00:18,ABC,0
19-04-2024,10:00:19,ABC,943
19-04-2024,10:00:20,ABC,0
19-04-2024,10:00:21,ABC,0
19-04-2024,10:00:22,ABC,0
19-04-2024,10:00:23,ABC,0
19-04-2024,10:00:24,ABC,0
19-04-2024,10:00:25,ABC,109
19-04-2024,10:00:26,ABC,0
19-04-2024,10:00:27,ABC,0
19-04-2024,10:00:28,ABC,0
19-04-2024,10:00:29,ABC,0
19-04-2024,10:00:30,ABC,0
19-04-2024,10:00:31,ABC,0
19-04-2024,10:00:32,ABC,50
19-04-2024,10:00:33,ABC,0
19-04-2024,10:00:34,ABC,0
19-04-2024,10:00:35,ABC,0
19-04-2024,10:00:36,ABC,0
19-04-2024,10:00:37,ABC,0
19-04-2024,10:00:38,ABC,0
19-04-2024,10:00:39,ABC,10
19-04-2024,10:00:40,ABC,0
19-04-2024,10:00:41,ABC,0
19-04-2024,10:00:42,ABC,0
19-04-2024,10:00:43,ABC,0
19-04-2024,10:00:44,ABC,0
19-04-2024,10:00:45,ABC,0
19-04-2024,10:00:46,ABC,0
19-04-2024,10:00:47,ABC,0
19-04-2024,10:00:48,ABC,0
19-04-2024,10:00:49,ABC,0
19-04-2024,10:00:50,ABC,0
19-04-2024,10:00:51,ABC,0
19-04-2024,10:00:52,ABC,2
19-04-2024,10:00:53,ABC,0
19-04-2024,10:00:54,ABC,0
19-04-2024,10:00:55,ABC,0
19-04-2024,10:00:56,ABC,0
19-04-2024,10:00:57,ABC,0
19-04-2024,10:00:58,ABC,0
19-04-2024,10:00:59,ABC,0
19-04-2024,10:01:00,ABC,0
19-04-2024,10:01:01,ABC,0
19-04-2024,10:01:02,ABC,0
19-04-2024,10:01:03,ABC,0
19-04-2024,10:01:04,ABC,0
19-04-2024,10:01:05,ABC,0
19-04-2024,10:01:06,ABC,8872
19-04-2024,10:01:07,ABC,0
19-04-2024,10:01:08,ABC,0
19-04-2024,10:01:09,ABC,0
19-04-2024,10:01:10,ABC,0
19-04-2024,10:01:11,ABC,0
19-04-2024,10:01:12,ABC,224
19-04-2024,10:01:13,ABC,0
19-04-2024,10:01:14,ABC,0
19-04-2024,10:01:15,ABC,0
19-04-2024,10:01:16,ABC,0
19-04-2024,10:01:17,ABC,0
19-04-2024,10:01:18,ABC,0
19-04-2024,10:01:19,ABC,33
19-04-2024,10:01:20,ABC,0
19-04-2024,10:01:21,ABC,0
19-04-2024,10:01:22,ABC,0
19-04-2024,10:01:23,ABC,0
19-04-2024,10:01:24,ABC,0
19-04-2024,10:01:25,ABC,0
19-04-2024,10:01:26,ABC,1020
19-04-2024,10:01:27,ABC,0
19-04-2024,10:01:28,ABC,0
19-04-2024,10:01:29,ABC,0
19-04-2024,10:01:30,ABC,0
19-04-2024,10:01:31,ABC,0
19-04-2024,10:01:32,ABC,0
19-04-2024,10:01:33,ABC,0
19-04-2024,10:01:34,ABC,0
19-04-2024,10:01:35,ABC,0
19-04-2024,10:01:36,ABC,0
19-04-2024,10:01:37,ABC,0
19-04-2024,10:01:38,ABC,0
19-04-2024,10:01:39,ABC,106
19-04-2024,10:01:40,ABC,0
19-04-2024,10:01:41,ABC,0
19-04-2024,10:01:42,ABC,0
19-04-2024,10:01:43,ABC,0
19-04-2024,10:01:44,ABC,0
19-04-2024,10:01:45,ABC,0
19-04-2024,10:01:46,ABC,20
19-04-2024,10:01:47,ABC,0
19-04-2024,10:01:48,ABC,0
19-04-2024,10:01:49,ABC,0
19-04-2024,10:01:50,ABC,0
19-04-2024,10:01:51,ABC,0
19-04-2024,10:01:52,ABC,0
19-04-2024,10:01:53,ABC,43
19-04-2024,10:01:54,ABC,0
19-04-2024,10:01:55,ABC,0
19-04-2024,10:01:56,ABC,0
19-04-2024,10:01:57,ABC,0
19-04-2024,10:01:58,ABC,0
19-04-2024,10:01:59,ABC,0
19-04-2024,10:02:00,ABC,0
19-04-2024,10:02:01,ABC,0
19-04-2024,10:02:02,ABC,0
19-04-2024,10:02:03,ABC,0
19-04-2024,10:02:04,ABC,0
19-04-2024,10:02:05,ABC,0
19-04-2024,10:02:06,ABC,50
19-04-2024,10:02:07,ABC,0
19-04-2024,10:02:08,ABC,0
19-04-2024,10:02:09,ABC,0
19-04-2024,10:02:10,ABC,0
19-04-2024,10:02:11,ABC,0
19-04-2024,10:02:12,ABC,0
19-04-2024,10:02:13,ABC,15
19-04-2024,10:02:14,ABC,0
19-04-2024,10:02:15,ABC,0
19-04-2024,10:02:16,ABC,0
19-04-2024,10:02:17,ABC,0
19-04-2024,10:02:18,ABC,0
19-04-2024,10:02:19,ABC,0
19-04-2024,10:02:20,ABC,1
19-04-2024,10:02:21,ABC,0
19-04-2024,10:02:22,ABC,0
19-04-2024,10:02:23,ABC,0
19-04-2024,10:02:24,ABC,0
19-04-2024,10:02:25,ABC,0
19-04-2024,10:02:26,ABC,0
19-04-2024,10:02:27,ABC,0
19-04-2024,10:02:28,ABC,0
19-04-2024,10:02:29,ABC,0
19-04-2024,10:02:30,ABC,0
19-04-2024,10:02:31,ABC,0
19-04-2024,10:02:32,ABC,0
19-04-2024,10:02:33,ABC,2
19-04-2024,10:02:34,ABC,0
19-04-2024,10:02:35,ABC,0
19-04-2024,10:02:36,ABC,0
19-04-2024,10:02:37,ABC,0
19-04-2024,10:02:38,ABC,0
19-04-2024,10:02:39,ABC,0
19-04-2024,10:02:40,ABC,0
19-04-2024,10:02:41,ABC,0
19-04-2024,10:02:42,ABC,0
19-04-2024,10:02:43,ABC,0
19-04-2024,10:02:44,ABC,0
19-04-2024,10:02:45,ABC,0
19-04-2024,10:02:46,ABC,42
19-04-2024,10:02:47,ABC,0
19-04-2024,10:02:48,ABC,0
19-04-2024,10:02:49,ABC,0
19-04-2024,10:02:50,ABC,0
19-04-2024,10:02:51,ABC,0
19-04-2024,10:02:52,ABC,29
19-04-2024,10:02:53,ABC,0
19-04-2024,10:02:54,ABC,0
19-04-2024,10:02:55,ABC,0
19-04-2024,10:02:56,ABC,0
19-04-2024,10:02:57,ABC,0
19-04-2024,10:02:58,ABC,1
19-04-2024,10:02:59,ABC,0
19-04-2024,10:03:00,ABC,0
19-04-2024,10:03:01,ABC,0
19-04-2024,10:03:02,ABC,0
19-04-2024,10:03:03,ABC,0
19-04-2024,10:03:04,ABC,0
19-04-2024,10:03:05,ABC,2
19-04-2024,10:03:06,ABC,0
19-04-2024,10:03:07,ABC,0
19-04-2024,10:03:08,ABC,0
19-04-2024,10:03:09,ABC,0
19-04-2024,10:03:10,ABC,0
19-04-2024,10:03:11,ABC,12
19-04-2024,10:03:12,ABC,0
19-04-2024,10:03:13,ABC,0
19-04-2024,10:03:14,ABC,0
19-04-2024,10:03:15,ABC,0
19-04-2024,10:03:16,ABC,0
19-04-2024,10:03:17,ABC,101
19-04-2024,10:03:18,ABC,0
19-04-2024,10:03:19,ABC,0
19-04-2024,10:03:20,ABC,0
19-04-2024,10:03:21,ABC,0
19-04-2024,10:03:22,ABC,0
19-04-2024,10:03:23,ABC,0
19-04-2024,10:03:24,ABC,0
19-04-2024,10:03:25,ABC,0
19-04-2024,10:03:26,ABC,0
19-04-2024,10:03:27,ABC,0
19-04-2024,10:03:28,ABC,0
19-04-2024,10:03:29,ABC,0
19-04-2024,10:03:30,ABC,0
19-04-2024,10:03:31,ABC,0
19-04-2024,10:03:32,ABC,0
19-04-2024,10:03:33,ABC,0
19-04-2024,10:03:34,ABC,0
19-04-2024,10:03:35,ABC,0
19-04-2024,10:03:36,ABC,0
19-04-2024,10:03:37,ABC,0
19-04-2024,10:03:38,ABC,0
19-04-2024,10:03:39,ABC,0
19-04-2024,10:03:40,ABC,0
19-04-2024,10:03:41,ABC,0
19-04-2024,10:03:42,ABC,0
19-04-2024,10:03:43,ABC,0
19-04-2024,10:03:44,ABC,35
19-04-2024,10:03:45,ABC,0
19-04-2024,10:03:46,ABC,0
19-04-2024,10:03:47,ABC,0
19-04-2024,10:03:48,ABC,0
19-04-2024,10:03:49,ABC,0
19-04-2024,10:03:50,ABC,0
19-04-2024,10:03:51,ABC,0
19-04-2024,10:03:52,ABC,0
19-04-2024,10:03:53,ABC,0
19-04-2024,10:03:54,ABC,0
19-04-2024,10:03:55,ABC,0
19-04-2024,10:03:56,ABC,0
19-04-2024,10:03:57,ABC,0
19-04-2024,10:03:58,ABC,0
19-04-2024,10:03:59,ABC,0
19-04-2024,10:04:00,ABC,0
19-04-2024,10:04:01,ABC,0
19-04-2024,10:04:02,ABC,0
19-04-2024,10:04:03,ABC,265
19-04-2024,10:04:04,ABC,0
19-04-2024,10:04:05,ABC,0
19-04-2024,10:04:06,ABC,0
19-04-2024,10:04:07,ABC,0
19-04-2024,10:04:08,ABC,0
19-04-2024,10:04:09,ABC,0
19-04-2024,10:04:10,ABC,0
19-04-2024,10:04:11,ABC,0
19-04-2024,10:04:12,ABC,0
19-04-2024,10:04:13,ABC,0
19-04-2024,10:04:14,ABC,0
19-04-2024,10:04:15,ABC,0
19-04-2024,10:04:16,ABC,51
19-04-2024,10:04:17,ABC,0
19-04-2024,10:04:18,ABC,0
19-04-2024,10:04:19,ABC,0
19-04-2024,10:04:20,ABC,0
19-04-2024,10:04:21,ABC,0
19-04-2024,10:04:22,ABC,83
19-04-2024,10:04:23,ABC,0
19-04-2024,10:04:24,ABC,0
19-04-2024,10:04:25,ABC,0
19-04-2024,10:04:26,ABC,0
19-04-2024,10:04:27,ABC,0
19-04-2024,10:04:28,ABC,0
19-04-2024,10:04:29,ABC,0
19-04-2024,10:04:30,ABC,0
19-04-2024,10:04:31,ABC,0
19-04-2024,10:04:32,ABC,0
19-04-2024,10:04:33,ABC,0
19-04-2024,10:04:34,ABC,0
19-04-2024,10:04:35,ABC,926
19-04-2024,10:04:36,ABC,0
19-04-2024,10:04:37,ABC,0
19-04-2024,10:04:38,ABC,0
19-04-2024,10:04:39,ABC,0
19-04-2024,10:04:40,ABC,0
19-04-2024,10:04:41,ABC,0
19-04-2024,10:04:42,ABC,0
19-04-2024,10:04:43,ABC,0
19-04-2024,10:04:44,ABC,0
19-04-2024,10:04:45,ABC,0
19-04-2024,10:04:46,ABC,0
19-04-2024,10:04:47,ABC,0
19-04-2024,10:04:48,ABC,0
19-04-2024,10:04:49,ABC,0
19-04-2024,10:04:50,ABC,0
19-04-2024,10:04:51,ABC,0
19-04-2024,10:04:52,ABC,0
19-04-2024,10:04:53,ABC,0
19-04-2024,10:04:54,ABC,200
19-04-2024,10:04:55,ABC,0
19-04-2024,10:04:56,ABC,0
19-04-2024,10:04:57,ABC,0
19-04-2024,10:04:58,ABC,0
19-04-2024,10:04:59,ABC,0
19-04-2024,10:05:00,ABC,0
19-04-2024,10:05:01,ABC,0
19-04-2024,10:05:02,ABC,0
19-04-2024,10:05:03,ABC,0
19-04-2024,10:05:04,ABC,0
19-04-2024,10:05:05,ABC,106
19-04-2024,10:05:06,ABC,0
19-04-2024,10:05:07,ABC,0
19-04-2024,10:05:08,ABC,0
19-04-2024,10:05:09,ABC,0
19-04-2024,10:05:10,ABC,0
19-04-2024,10:05:11,ABC,0
19-04-2024,10:05:12,ABC,553
19-04-2024,10:05:13,ABC,0
19-04-2024,10:05:14,ABC,0
19-04-2024,10:05:15,ABC,0
19-04-2024,10:05:16,ABC,0
19-04-2024,10:05:17,ABC,0
19-04-2024,10:05:18,ABC,0
19-04-2024,10:05:19,ABC,0
19-04-2024,10:05:20,ABC,0
19-04-2024,10:05:21,ABC,0
19-04-2024,10:05:22,ABC,0
19-04-2024,10:05:23,ABC,0
19-04-2024,10:05:24,ABC,1009
19-04-2024,10:05:25,ABC,0
19-04-2024,10:05:26,ABC,0
19-04-2024,10:05:27,ABC,0
19-04-2024,10:05:28,ABC,0
19-04-2024,10:05:29,ABC,0
19-04-2024,10:05:30,ABC,0
19-04-2024,10:05:31,ABC,487
19-04-2024,10:05:32,ABC,0
19-04-2024,10:05:33,ABC,0
19-04-2024,10:05:34,ABC,0
19-04-2024,10:05:35,ABC,0
19-04-2024,10:05:36,ABC,0
19-04-2024,10:05:37,ABC,0
19-04-2024,10:05:38,ABC,0
19-04-2024,10:05:39,ABC,0
19-04-2024,10:05:40,ABC,0
19-04-2024,10:05:41,ABC,0
19-04-2024,10:05:42,ABC,0
19-04-2024,10:05:43,ABC,0
19-04-2024,10:05:44,ABC,6
19-04-2024,10:05:45,ABC,0
19-04-2024,10:05:46,ABC,0
19-04-2024,10:05:47,ABC,0
19-04-2024,10:05:48,ABC,0
19-04-2024,10:05:49,ABC,0
19-04-2024,10:05:50,ABC,0
19-04-2024,10:05:51,ABC,6
19-04-2024,10:05:52,ABC,0
19-04-2024,10:05:53,ABC,0
19-04-2024,10:05:54,ABC,0
19-04-2024,10:05:55,ABC,0
19-04-2024,10:05:56,ABC,0
19-04-2024,10:05:57,ABC,1
19-04-2024,10:05:58,ABC,0
19-04-2024,10:05:59,ABC,0
19-04-2024,10:06:00,ABC,0
19-04-2024,10:06:01,ABC,0
19-04-2024,10:06:02,ABC,0
19-04-2024,10:06:03,ABC,0
19-04-2024,10:06:04,ABC,8
19-04-2024,10:06:05,ABC,0
19-04-2024,10:06:06,ABC,0
19-04-2024,10:06:07,ABC,0
19-04-2024,10:06:08,ABC,0
19-04-2024,10:06:09,ABC,0
19-04-2024,10:06:10,ABC,0
19-04-2024,10:06:11,ABC,0
19-04-2024,10:06:12,ABC,0
19-04-2024,10:06:13,ABC,0
19-04-2024,10:06:14,ABC,0
19-04-2024,10:06:15,ABC,0
19-04-2024,10:06:16,ABC,0
19-04-2024,10:06:17,ABC,0
19-04-2024,10:06:18,ABC,0
19-04-2024,10:06:19,ABC,0
19-04-2024,10:06:20,ABC,0
19-04-2024,10:06:21,ABC,0
19-04-2024,10:06:22,ABC,0
19-04-2024,10:06:23,ABC,0
19-04-2024,10:06:24,ABC,7
19-04-2024,10:06:25,ABC,0
19-04-2024,10:06:26,ABC,0
19-04-2024,10:06:27,ABC,0
19-04-2024,10:06:28,ABC,0
19-04-2024,10:06:29,ABC,0
19-04-2024,10:06:30,ABC,0
19-04-2024,10:06:31,ABC,13
19-04-2024,10:06:32,ABC,0
19-04-2024,10:06:33,ABC,0
19-04-2024,10:06:34,ABC,0
19-04-2024,10:06:35,ABC,0
19-04-2024,10:06:36,ABC,0
19-04-2024,10:06:37,ABC,0
19-04-2024,10:06:38,ABC,0
19-04-2024,10:06:39,ABC,0
19-04-2024,10:06:40,ABC,0
19-04-2024,10:06:41,ABC,0
19-04-2024,10:06:42,ABC,0
19-04-2024,10:06:43,ABC,0
19-04-2024,10:06:44,ABC,238
19-04-2024,10:06:45,ABC,0
19-04-2024,10:06:46,ABC,0
19-04-2024,10:06:47,ABC,0
19-04-2024,10:06:48,ABC,0
19-04-2024,10:06:49,ABC,0
19-04-2024,10:06:50,ABC,0
19-04-2024,10:06:51,ABC,0
19-04-2024,10:06:52,ABC,0
19-04-2024,10:06:53,ABC,0
19-04-2024,10:06:54,ABC,0
19-04-2024,10:06:55,ABC,0
19-04-2024,10:06:56,ABC,0
19-04-2024,10:06:57,ABC,100
19-04-2024,10:06:58,ABC,0
19-04-2024,10:06:59,ABC,0
19-04-2024,10:07:00,ABC,0
19-04-2024,10:07:01,ABC,0
19-04-2024,10:07:02,ABC,0
19-04-2024,10:07:03,ABC,0
19-04-2024,10:07:04,ABC,100
19-04-2024,10:07:05,ABC,0
19-04-2024,10:07:06,ABC,0
19-04-2024,10:07:07,ABC,0
19-04-2024,10:07:08,ABC,0
19-04-2024,10:07:09,ABC,0
19-04-2024,10:07:10,ABC,0
19-04-2024,10:07:11,ABC,0
19-04-2024,10:07:12,ABC,0
19-04-2024,10:07:13,ABC,0
19-04-2024,10:07:14,ABC,0
19-04-2024,10:07:15,ABC,0
19-04-2024,10:07:16,ABC,0
19-04-2024,10:07:17,ABC,5
19-04-2024,10:07:18,ABC,0
19-04-2024,10:07:19,ABC,0
19-04-2024,10:07:20,ABC,0
19-04-2024,10:07:21,ABC,0
19-04-2024,10:07:22,ABC,0
19-04-2024,10:07:23,ABC,102
19-04-2024,10:07:24,ABC,0
19-04-2024,10:07:25,ABC,0
19-04-2024,10:07:26,ABC,0
19-04-2024,10:07:27,ABC,0
19-04-2024,10:07:28,ABC,0
19-04-2024,10:07:29,ABC,0
19-04-2024,10:07:30,ABC,0
19-04-2024,10:07:31,ABC,0
19-04-2024,10:07:32,ABC,0
19-04-2024,10:07:33,ABC,0
19-04-2024,10:07:34,ABC,0
19-04-2024,10:07:35,ABC,0
19-04-2024,10:07:36,ABC,5
19-04-2024,10:07:37,ABC,0
19-04-2024,10:07:38,ABC,0
19-04-2024,10:07:39,ABC,0
19-04-2024,10:07:40,ABC,0
19-04-2024,10:07:41,ABC,0
19-04-2024,10:07:42,ABC,0
19-04-2024,10:07:43,ABC,0
19-04-2024,10:07:44,ABC,0
19-04-2024,10:07:45,ABC,0
19-04-2024,10:07:46,ABC,0
19-04-2024,10:07:47,ABC,0
19-04-2024,10:07:48,ABC,0
19-04-2024,10:07:49,ABC,1158
19-04-2024,10:07:50,ABC,0
19-04-2024,10:07:51,ABC,0
19-04-2024,10:07:52,ABC,0
19-04-2024,10:07:53,ABC,0
19-04-2024,10:07:54,ABC,0
19-04-2024,10:07:55,ABC,0
19-04-2024,10:07:56,ABC,1
19-04-2024,10:07:57,ABC,0
19-04-2024,10:07:58,ABC,0
19-04-2024,10:07:59,ABC,0
19-04-2024,10:08:00,ABC,0
19-04-2024,10:08:01,ABC,0
19-04-2024,10:08:02,ABC,25
19-04-2024,10:08:03,ABC,0
19-04-2024,10:08:04,ABC,0
19-04-2024,10:08:05,ABC,0
19-04-2024,10:08:06,ABC,0
19-04-2024,10:08:07,ABC,0
19-04-2024,10:08:08,ABC,0
19-04-2024,10:08:09,ABC,267
19-04-2024,10:08:10,ABC,0
19-04-2024,10:08:11,ABC,0
19-04-2024,10:08:12,ABC,0
19-04-2024,10:08:13,ABC,0
19-04-2024,10:08:14,ABC,0
19-04-2024,10:08:15,ABC,25
19-04-2024,10:08:16,ABC,0
19-04-2024,10:08:17,ABC,0
19-04-2024,10:08:18,ABC,0
19-04-2024,10:08:19,ABC,0
19-04-2024,10:08:20,ABC,0
19-04-2024,10:08:21,ABC,57
19-04-2024,10:08:22,ABC,0
19-04-2024,10:08:23,ABC,0
19-04-2024,10:08:24,ABC,0
19-04-2024,10:08:25,ABC,0
19-04-2024,10:08:26,ABC,0
19-04-2024,10:08:27,ABC,42
19-04-2024,10:08:28,ABC,0
19-04-2024,10:08:29,ABC,0
19-04-2024,10:08:30,ABC,0
19-04-2024,10:08:31,ABC,0
19-04-2024,10:08:32,ABC,0
19-04-2024,10:08:33,ABC,0
19-04-2024,10:08:34,ABC,0
19-04-2024,10:08:35,ABC,0
19-04-2024,10:08:36,ABC,0
19-04-2024,10:08:37,ABC,0
19-04-2024,10:08:38,ABC,0
19-04-2024,10:08:39,ABC,0
19-04-2024,10:08:40,ABC,0
19-04-2024,10:08:41,ABC,0
19-04-2024,10:08:42,ABC,0
19-04-2024,10:08:43,ABC,0
19-04-2024,10:08:44,ABC,0
19-04-2024,10:08:45,ABC,0
19-04-2024,10:08:46,ABC,1928
19-04-2024,10:08:47,ABC,0
19-04-2024,10:08:48,ABC,0
19-04-2024,10:08:49,ABC,0
19-04-2024,10:08:50,ABC,0
19-04-2024,10:08:51,ABC,0
19-04-2024,10:08:52,ABC,0
19-04-2024,10:08:53,ABC,0
19-04-2024,10:08:54,ABC,0
19-04-2024,10:08:55,ABC,0
19-04-2024,10:08:56,ABC,0
19-04-2024,10:08:57,ABC,0
19-04-2024,10:08:58,ABC,0
19-04-2024,10:08:59,ABC,0
19-04-2024,10:09:00,ABC,0
19-04-2024,10:09:01,ABC,0
19-04-2024,10:09:02,ABC,0
19-04-2024,10:09:03,ABC,0
19-04-2024,10:09:04,ABC,0
19-04-2024,10:09:05,ABC,0
19-04-2024,10:09:06,ABC,0
19-04-2024,10:09:07,ABC,0
19-04-2024,10:09:08,ABC,0
19-04-2024,10:09:09,ABC,0
19-04-2024,10:09:10,ABC,0
19-04-2024,10:09:11,ABC,0
19-04-2024,10:09:12,ABC,4
19-04-2024,10:09:13,ABC,0
19-04-2024,10:09:14,ABC,0
19-04-2024,10:09:15,ABC,0
19-04-2024,10:09:16,ABC,0
19-04-2024,10:09:17,ABC,0
19-04-2024,10:09:18,ABC,20
19-04-2024,10:09:19,ABC,0
19-04-2024,10:09:20,ABC,0
19-04-2024,10:09:21,ABC,0
19-04-2024,10:09:22,ABC,0
19-04-2024,10:09:23,ABC,0
19-04-2024,10:09:24,ABC,0
19-04-2024,10:09:25,ABC,506
19-04-2024,10:09:26,ABC,0
19-04-2024,10:09:27,ABC,0
19-04-2024,10:09:28,ABC,0
19-04-2024,10:09:29,ABC,0
19-04-2024,10:09:30,ABC,0
19-04-2024,10:09:31,ABC,521
19-04-2024,10:09:32,ABC,0
19-04-2024,10:09:33,ABC,0
19-04-2024,10:09:34,ABC,0
19-04-2024,10:09:35,ABC,0
19-04-2024,10:09:36,ABC,0
19-04-2024,10:09:37,ABC,0
19-04-2024,10:09:38,ABC,57
19-04-2024,10:09:39,ABC,0
19-04-2024,10:09:40,ABC,0
19-04-2024,10:09:41,ABC,0
19-04-2024,10:09:42,ABC,0
19-04-2024,10:09:43,ABC,0
19-04-2024,10:09:44,ABC,27
19-04-2024,10:09:45,ABC,0
19-04-2024,10:09:46,ABC,0
19-04-2024,10:09:47,ABC,0
19-04-2024,10:09:48,ABC,0
19-04-2024,10:09:49,ABC,0
19-04-2024,10:09:50,ABC,0
19-04-2024,10:09:51,ABC,0
19-04-2024,10:09:52,ABC,0
19-04-2024,10:09:53,ABC,0
19-04-2024,10:09:54,ABC,0
19-04-2024,10:09:55,ABC,0
19-04-2024,10:09:56,ABC,0
19-04-2024,10:09:57,ABC,10
19-04-2024,10:09:58,ABC,0
19-04-2024,10:09:59,ABC,0
19-04-2024,10:10:00,ABC,0
19-04-2024,10:10:01,ABC,0
19-04-2024,10:10:02,ABC,0
19-04-2024,10:10:03,ABC,0
19-04-2024,10:10:04,ABC,5
19-04-2024,10:10:05,ABC,0
19-04-2024,10:10:06,ABC,0
19-04-2024,10:10:07,ABC,0
19-04-2024,10:10:08,ABC,0
19-04-2024,10:10:09,ABC,0
19-04-2024,10:10:10,ABC,0
19-04-2024,10:10:11,ABC,0
19-04-2024,10:10:12,ABC,0
19-04-2024,10:10:13,ABC,0
19-04-2024,10:10:14,ABC,0
19-04-2024,10:10:15,ABC,0
19-04-2024,10:10:16,ABC,137
19-04-2024,10:10:17,ABC,0
19-04-2024,10:10:18,ABC,0
19-04-2024,10:10:19,ABC,0
19-04-2024,10:10:20,ABC,0
19-04-2024,10:10:21,ABC,0
19-04-2024,10:10:22,ABC,0
19-04-2024,10:10:23,ABC,0
19-04-2024,10:10:24,ABC,0
19-04-2024,10:10:25,ABC,0
19-04-2024,10:10:26,ABC,0
19-04-2024,10:10:27,ABC,0
19-04-2024,10:10:28,ABC,0
19-04-2024,10:10:29,ABC,189
19-04-2024,10:10:30,ABC,0
19-04-2024,10:10:31,ABC,0
19-04-2024,10:10:32,ABC,0
19-04-2024,10:10:33,ABC,0
19-04-2024,10:10:34,ABC,0
19-04-2024,10:10:35,ABC,0
19-04-2024,10:10:36,ABC,1500
19-04-2024,10:10:37,ABC,0
19-04-2024,10:10:38,ABC,0
19-04-2024,10:10:39,ABC,0
19-04-2024,10:10:40,ABC,0
19-04-2024,10:10:41,ABC,0
19-04-2024,10:10:42,ABC,39
19-04-2024,10:10:43,ABC,0
19-04-2024,10:10:44,ABC,0
19-04-2024,10:10:45,ABC,0
19-04-2024,10:10:46,ABC,0
19-04-2024,10:10:47,ABC,0
19-04-2024,10:10:48,ABC,0
19-04-2024,10:10:49,ABC,1001
19-04-2024,10:10:50,ABC,0
19-04-2024,10:10:51,ABC,0
19-04-2024,10:10:52,ABC,0
19-04-2024,10:10:53,ABC,0
19-04-2024,10:10:54,ABC,0
19-04-2024,10:10:55,ABC,100
19-04-2024,10:10:56,ABC,0
19-04-2024,10:10:57,ABC,0
19-04-2024,10:10:58,ABC,0
19-04-2024,10:10:59,ABC,0
19-04-2024,10:11:00,ABC,0
19-04-2024,10:11:01,ABC,0
19-04-2024,10:11:02,ABC,395
19-04-2024,10:11:03,ABC,0
19-04-2024,10:11:04,ABC,0
19-04-2024,10:11:05,ABC,0
19-04-2024,10:11:06,ABC,0
19-04-2024,10:11:07,ABC,0
19-04-2024,10:11:08,ABC,0
19-04-2024,10:11:09,ABC,7
19-04-2024,10:11:10,ABC,0
19-04-2024,10:11:11,ABC,0
19-04-2024,10:11:12,ABC,0
19-04-2024,10:11:13,ABC,0
19-04-2024,10:11:14,ABC,0
19-04-2024,10:11:15,ABC,0
19-04-2024,10:11:16,ABC,0
19-04-2024,10:11:17,ABC,0
19-04-2024,10:11:18,ABC,0
19-04-2024,10:11:19,ABC,0
19-04-2024,10:11:20,ABC,0
19-04-2024,10:11:21,ABC,5
19-04-2024,10:11:22,ABC,0
19-04-2024,10:11:23,ABC,0
19-04-2024,10:11:24,ABC,0
19-04-2024,10:11:25,ABC,0
19-04-2024,10:11:26,ABC,0
19-04-2024,10:11:27,ABC,0
19-04-2024,10:11:28,ABC,0
19-04-2024,10:11:29,ABC,0
19-04-2024,10:11:30,ABC,0
19-04-2024,10:11:31,ABC,0
19-04-2024,10:11:32,ABC,0
19-04-2024,10:11:33,ABC,0
19-04-2024,10:11:34,ABC,434
19-04-2024,10:11:35,ABC,0
19-04-2024,10:11:36,ABC,0
19-04-2024,10:11:37,ABC,0
19-04-2024,10:11:38,ABC,0
19-04-2024,10:11:39,ABC,0
19-04-2024,10:11:40,ABC,0
19-04-2024,10:11:41,ABC,7
19-04-2024,10:11:42,ABC,0
19-04-2024,10:11:43,ABC,0
19-04-2024,10:11:44,ABC,0
19-04-2024,10:11:45,ABC,0
19-04-2024,10:11:46,ABC,0
19-04-2024,10:11:47,ABC,21
19-04-2024,10:11:48,ABC,0
19-04-2024,10:11:49,ABC,0
19-04-2024,10:11:50,ABC,0
19-04-2024,10:11:51,ABC,0
19-04-2024,10:11:52,ABC,0
19-04-2024,10:11:53,ABC,0
19-04-2024,10:11:54,ABC,170
19-04-2024,10:11:55,ABC,0
19-04-2024,10:11:56,ABC,0
19-04-2024,10:11:57,ABC,0
19-04-2024,10:11:58,ABC,0
19-04-2024,10:11:59,ABC,0
19-04-2024,10:12:00,ABC,250
19-04-2024,10:12:01,ABC,0
19-04-2024,10:12:02,ABC,0
19-04-2024,10:12:03,ABC,0
19-04-2024,10:12:04,ABC,0
19-04-2024,10:12:05,ABC,0
19-04-2024,10:12:06,ABC,0
19-04-2024,10:12:07,ABC,366
19-04-2024,10:12:08,ABC,0
19-04-2024,10:12:09,ABC,0
19-04-2024,10:12:10,ABC,0
19-04-2024,10:12:11,ABC,0
19-04-2024,10:12:12,ABC,0
19-04-2024,10:12:13,ABC,0
19-04-2024,10:12:14,ABC,0
19-04-2024,10:12:15,ABC,0
19-04-2024,10:12:16,ABC,0
19-04-2024,10:12:17,ABC,0
19-04-2024,10:12:18,ABC,0
19-04-2024,10:12:19,ABC,0
19-04-2024,10:12:20,ABC,1313
19-04-2024,10:12:21,ABC,0
19-04-2024,10:12:22,ABC,0
19-04-2024,10:12:23,ABC,0
19-04-2024,10:12:24,ABC,0
19-04-2024,10:12:25,ABC,0
19-04-2024,10:12:26,ABC,100
19-04-2024,10:12:27,ABC,0
19-04-2024,10:12:28,ABC,0
19-04-2024,10:12:29,ABC,0
19-04-2024,10:12:30,ABC,0
19-04-2024,10:12:31,ABC,0
19-04-2024,10:12:32,ABC,23
19-04-2024,10:12:33,ABC,0
19-04-2024,10:12:34,ABC,0
19-04-2024,10:12:35,ABC,0
19-04-2024,10:12:36,ABC,0
19-04-2024,10:12:37,ABC,0
19-04-2024,10:12:38,ABC,0
19-04-2024,10:12:39,ABC,170
19-04-2024,10:12:40,ABC,0
19-04-2024,10:12:41,ABC,0
19-04-2024,10:12:42,ABC,0
19-04-2024,10:12:43,ABC,0
19-04-2024,10:12:44,ABC,0
19-04-2024,10:12:45,ABC,2
19-04-2024,10:12:46,ABC,0
19-04-2024,10:12:47,ABC,0
19-04-2024,10:12:48,ABC,0
19-04-2024,10:12:49,ABC,0
19-04-2024,10:12:50,ABC,0
19-04-2024,10:12:51,ABC,0
19-04-2024,10:12:52,ABC,49
19-04-2024,10:12:53,ABC,0
19-04-2024,10:12:54,ABC,0
19-04-2024,10:12:55,ABC,0
19-04-2024,10:12:56,ABC,0
19-04-2024,10:12:57,ABC,0
19-04-2024,10:12:58,ABC,0
19-04-2024,10:12:59,ABC,0
19-04-2024,10:13:00,ABC,0
19-04-2024,10:13:01,ABC,0
19-04-2024,10:13:02,ABC,0
19-04-2024,10:13:03,ABC,0
19-04-2024,10:13:04,ABC,307
19-04-2024,10:13:05,ABC,0
19-04-2024,10:13:06,ABC,0
19-04-2024,10:13:07,ABC,0
19-04-2024,10:13:08,ABC,0
19-04-2024,10:13:09,ABC,0
19-04-2024,10:13:10,ABC,10
19-04-2024,10:13:11,ABC,0
19-04-2024,10:13:12,ABC,0
19-04-2024,10:13:13,ABC,0
19-04-2024,10:13:14,ABC,0
19-04-2024,10:13:15,ABC,0
19-04-2024,10:13:16,ABC,750
19-04-2024,10:13:17,ABC,0
19-04-2024,10:13:18,ABC,0
19-04-2024,10:13:19,ABC,0
19-04-2024,10:13:20,ABC,0
19-04-2024,10:13:21,ABC,0
19-04-2024,10:13:22,ABC,3
19-04-2024,10:13:23,ABC,0
19-04-2024,10:13:24,ABC,0
19-04-2024,10:13:25,ABC,0
19-04-2024,10:13:26,ABC,0
19-04-2024,10:13:27,ABC,0
19-04-2024,10:13:28,ABC,0
19-04-2024,10:13:29,ABC,0
19-04-2024,10:13:30,ABC,0
19-04-2024,10:13:31,ABC,0
19-04-2024,10:13:32,ABC,0
19-04-2024,10:13:33,ABC,0
19-04-2024,10:13:34,ABC,3
19-04-2024,10:13:35,ABC,0
19-04-2024,10:13:36,ABC,0
19-04-2024,10:13:37,ABC,0
19-04-2024,10:13:38,ABC,0
19-04-2024,10:13:39,ABC,0
19-04-2024,10:13:40,ABC,0
19-04-2024,10:13:41,ABC,0
19-04-2024,10:13:42,ABC,0
19-04-2024,10:13:43,ABC,0
19-04-2024,10:13:44,ABC,0
19-04-2024,10:13:45,ABC,0
19-04-2024,10:13:46,ABC,50
19-04-2024,10:13:47,ABC,0
19-04-2024,10:13:48,ABC,0
19-04-2024,10:13:49,ABC,0
19-04-2024,10:13:50,ABC,0
19-04-2024,10:13:51,ABC,0
19-04-2024,10:13:52,ABC,4
19-04-2024,10:13:53,ABC,0
19-04-2024,10:13:54,ABC,0
19-04-2024,10:13:55,ABC,0
19-04-2024,10:13:56,ABC,0
19-04-2024,10:13:57,ABC,0
19-04-2024,10:13:58,ABC,0
19-04-2024,10:13:59,ABC,0
19-04-2024,10:14:00,ABC,0
19-04-2024,10:14:01,ABC,0
19-04-2024,10:14:02,ABC,0
19-04-2024,10:14:03,ABC,0
19-04-2024,10:14:04,ABC,0
19-04-2024,10:14:05,ABC,0
19-04-2024,10:14:06,ABC,0
19-04-2024,10:14:07,ABC,0
19-04-2024,10:14:08,ABC,0
19-04-2024,10:14:09,ABC,63
19-04-2024,10:14:10,ABC,0
19-04-2024,10:14:11,ABC,0
19-04-2024,10:14:12,ABC,0
19-04-2024,10:14:13,ABC,0
19-04-2024,10:14:14,ABC,0
19-04-2024,10:14:15,ABC,0
19-04-2024,10:14:16,ABC,0
19-04-2024,10:14:17,ABC,0
19-04-2024,10:14:18,ABC,0
19-04-2024,10:14:19,ABC,0
19-04-2024,10:14:20,ABC,0
19-04-2024,10:14:21,ABC,0
19-04-2024,10:14:22,ABC,0
19-04-2024,10:14:23,ABC,11
19-04-2024,10:14:24,ABC,0
19-04-2024,10:14:25,ABC,0
19-04-2024,10:14:26,ABC,0
19-04-2024,10:14:27,ABC,0
19-04-2024,10:14:28,ABC,0
19-04-2024,10:14:29,ABC,50
19-04-2024,10:14:30,ABC,0
19-04-2024,10:14:31,ABC,0
19-04-2024,10:14:32,ABC,0
19-04-2024,10:14:33,ABC,0
19-04-2024,10:14:34,ABC,0
19-04-2024,10:14:35,ABC,5
19-04-2024,10:14:36,ABC,0
19-04-2024,10:14:37,ABC,0
19-04-2024,10:14:38,ABC,0
19-04-2024,10:14:39,ABC,0
19-04-2024,10:14:40,ABC,18
19-04-2024,10:14:41,ABC,0
19-04-2024,10:14:42,ABC,0
19-04-2024,10:14:43,ABC,0
19-04-2024,10:14:44,ABC,0
19-04-2024,10:14:45,ABC,50
19-04-2024,10:14:46,ABC,0
19-04-2024,10:14:47,ABC,0
19-04-2024,10:14:48,ABC,0
19-04-2024,10:14:49,ABC,0
19-04-2024,10:14:50,ABC,0
19-04-2024,10:14:51,ABC,0
19-04-2024,10:14:52,ABC,0
19-04-2024,10:14:53,ABC,0
19-04-2024,10:14:54,ABC,0
19-04-2024,10:14:55,ABC,0
19-04-2024,10:14:56,ABC,0
19-04-2024,10:14:57,ABC,31
19-04-2024,10:14:58,ABC,0
19-04-2024,10:14:59,ABC,0
19-04-2024,10:15:00,ABC,0
19-04-2024,10:15:01,ABC,0
19-04-2024,10:15:02,ABC,0
19-04-2024,10:15:03,ABC,0
19-04-2024,10:15:04,ABC,0
19-04-2024,10:15:05,ABC,0
19-04-2024,10:15:06,ABC,0
19-04-2024,10:15:07,ABC,0
19-04-2024,10:15:08,ABC,0
19-04-2024,10:15:09,ABC,0
19-04-2024,10:15:10,ABC,0
19-04-2024,10:15:11,ABC,0
19-04-2024,10:15:12,ABC,0
19-04-2024,10:15:13,ABC,0
19-04-2024,10:15:14,ABC,0
19-04-2024,10:15:15,ABC,0
19-04-2024,10:15:16,ABC,0
19-04-2024,10:15:17,ABC,0
19-04-2024,10:15:18,ABC,0
19-04-2024,10:15:19,ABC,0
19-04-2024,10:15:20,ABC,0
19-04-2024,10:15:21,ABC,0
19-04-2024,10:15:22,ABC,9
19-04-2024,10:15:23,ABC,0
19-04-2024,10:15:24,ABC,0
19-04-2024,10:15:25,ABC,0
19-04-2024,10:15:26,ABC,0
19-04-2024,10:15:27,ABC,0
19-04-2024,10:15:28,ABC,0
19-04-2024,10:15:29,ABC,0
19-04-2024,10:15:30,ABC,0
19-04-2024,10:15:31,ABC,0
19-04-2024,10:15:32,ABC,0
19-04-2024,10:15:33,ABC,0
19-04-2024,10:15:34,ABC,0
19-04-2024,10:15:35,ABC,0
19-04-2024,10:15:36,ABC,0
19-04-2024,10:15:37,ABC,0
19-04-2024,10:15:38,ABC,0
19-04-2024,10:15:39,ABC,0
19-04-2024,10:15:40,ABC,0
19-04-2024,10:15:41,ABC,13
19-04-2024,10:15:42,ABC,0
19-04-2024,10:15:43,ABC,0
19-04-2024,10:15:44,ABC,0
19-04-2024,10:15:45,ABC,0
19-04-2024,10:15:46,ABC,0
19-04-2024,10:15:47,ABC,88
19-04-2024,10:15:48,ABC,0
19-04-2024,10:15:49,ABC,0
19-04-2024,10:15:50,ABC,0
19-04-2024,10:15:51,ABC,0
19-04-2024,10:15:52,ABC,0
19-04-2024,10:15:53,ABC,36
19-04-2024,10:15:54,ABC,0
19-04-2024,10:15:55,ABC,0
19-04-2024,10:15:56,ABC,0
19-04-2024,10:15:57,ABC,0
19-04-2024,10:15:58,ABC,0
19-04-2024,10:15:59,ABC,10
19-04-2024,10:16:00,ABC,0
19-04-2024,10:16:01,ABC,0
19-04-2024,10:16:02,ABC,0
19-04-2024,10:16:03,ABC,0
19-04-2024,10:16:04,ABC,0
19-04-2024,10:16:05,ABC,5
19-04-2024,10:16:06,ABC,0
19-04-2024,10:16:07,ABC,0
19-04-2024,10:16:08,ABC,0
19-04-2024,10:16:09,ABC,0
19-04-2024,10:16:10,ABC,0
19-04-2024,10:16:11,ABC,200
19-04-2024,10:16:12,ABC,0
19-04-2024,10:16:13,ABC,0
19-04-2024,10:16:14,ABC,0
19-04-2024,10:16:15,ABC,0
19-04-2024,10:16:16,ABC,0
19-04-2024,10:16:17,ABC,20
19-04-2024,10:16:18,ABC,0
19-04-2024,10:16:19,ABC,0
19-04-2024,10:16:20,ABC,0
19-04-2024,10:16:21,ABC,0
19-04-2024,10:16:22,ABC,0
19-04-2024,10:16:23,ABC,40
19-04-2024,10:16:24,ABC,0
19-04-2024,10:16:25,ABC,0
19-04-2024,10:16:26,ABC,0
19-04-2024,10:16:27,ABC,0
19-04-2024,10:16:28,ABC,0
19-04-2024,10:16:29,ABC,212
19-04-2024,10:16:30,ABC,0
19-04-2024,10:16:31,ABC,0
19-04-2024,10:16:32,ABC,0
19-04-2024,10:16:33,ABC,0
19-04-2024,10:16:34,ABC,0
19-04-2024,10:16:35,ABC,12
19-04-2024,10:16:36,ABC,0
19-04-2024,10:16:37,ABC,0
19-04-2024,10:16:38,ABC,0
19-04-2024,10:16:39,ABC,0
19-04-2024,10:16:40,ABC,0
19-04-2024,10:16:41,ABC,30
19-04-2024,10:16:42,ABC,0
19-04-2024,10:16:43,ABC,0
19-04-2024,10:16:44,ABC,0
19-04-2024,10:16:45,ABC,0
19-04-2024,10:16:46,ABC,151
19-04-2024,10:16:47,ABC,0
19-04-2024,10:16:48,ABC,0
19-04-2024,10:16:49,ABC,0
19-04-2024,10:16:50,ABC,0
19-04-2024,10:16:51,ABC,0
19-04-2024,10:16:52,ABC,10
19-04-2024,10:16:53,ABC,0
19-04-2024,10:16:54,ABC,0
19-04-2024,10:16:55,ABC,0
19-04-2024,10:16:56,ABC,0
19-04-2024,10:16:57,ABC,0
19-04-2024,10:16:58,ABC,268
19-04-2024,10:16:59,ABC,0
19-04-2024,10:17:00,ABC,0
19-04-2024,10:17:01,ABC,0
19-04-2024,10:17:02,ABC,0
19-04-2024,10:17:03,ABC,0
19-04-2024,10:17:04,ABC,61
19-04-2024,10:17:05,ABC,0
19-04-2024,10:17:06,ABC,0
19-04-2024,10:17:07,ABC,0
19-04-2024,10:17:08,ABC,0
19-04-2024,10:17:09,ABC,0
19-04-2024,10:17:10,ABC,0
19-04-2024,10:17:11,ABC,0
19-04-2024,10:17:12,ABC,0
19-04-2024,10:17:13,ABC,0
19-04-2024,10:17:14,ABC,0
19-04-2024,10:17:15,ABC,0
19-04-2024,10:17:16,ABC,4
19-04-2024,10:17:17,ABC,0
19-04-2024,10:17:18,ABC,0
19-04-2024,10:17:19,ABC,0
19-04-2024,10:17:20,ABC,0
19-04-2024,10:17:21,ABC,0
19-04-2024,10:17:22,ABC,60
19-04-2024,10:17:23,ABC,0
19-04-2024,10:17:24,ABC,0
19-04-2024,10:17:25,ABC,0
19-04-2024,10:17:26,ABC,0
19-04-2024,10:17:27,ABC,0
19-04-2024,10:17:28,ABC,0
19-04-2024,10:17:29,ABC,0
19-04-2024,10:17:30,ABC,0
19-04-2024,10:17:31,ABC,0
19-04-2024,10:17:32,ABC,0
19-04-2024,10:17:33,ABC,0
19-04-2024,10:17:34,ABC,0
19-04-2024,10:17:35,ABC,0
19-04-2024,10:17:36,ABC,0
19-04-2024,10:17:37,ABC,0
19-04-2024,10:17:38,ABC,0
19-04-2024,10:17:39,ABC,0
19-04-2024,10:17:40,ABC,0
19-04-2024,10:17:41,ABC,0
19-04-2024,10:17:42,ABC,0
19-04-2024,10:17:43,ABC,0
19-04-2024,10:17:44,ABC,0
19-04-2024,10:17:45,ABC,0
19-04-2024,10:17:46,ABC,1152
19-04-2024,10:17:47,ABC,0
19-04-2024,10:17:48,ABC,0
19-04-2024,10:17:49,ABC,0
19-04-2024,10:17:50,ABC,0
19-04-2024,10:17:51,ABC,0
19-04-2024,10:17:52,ABC,0
19-04-2024,10:17:53,ABC,0
19-04-2024,10:17:54,ABC,0
19-04-2024,10:17:55,ABC,0
19-04-2024,10:17:56,ABC,0
19-04-2024,10:17:57,ABC,0
19-04-2024,10:17:58,ABC,50
19-04-2024,10:17:59,ABC,0
19-04-2024,10:18:00,ABC,0
19-04-2024,10:18:01,ABC,0
19-04-2024,10:18:02,ABC,0
19-04-2024,10:18:03,ABC,0
19-04-2024,10:18:04,ABC,0
19-04-2024,10:18:05,ABC,0
19-04-2024,10:18:06,ABC,0
19-04-2024,10:18:07,ABC,0
19-04-2024,10:18:08,ABC,0
19-04-2024,10:18:09,ABC,0
19-04-2024,10:18:10,ABC,0
19-04-2024,10:18:11,ABC,397
19-04-2024,10:18:12,ABC,0
19-04-2024,10:18:13,ABC,0
19-04-2024,10:18:14,ABC,0
19-04-2024,10:18:15,ABC,0
19-04-2024,10:18:16,ABC,0
19-04-2024,10:18:17,ABC,0
19-04-2024,10:18:18,ABC,0
19-04-2024,10:18:19,ABC,0
19-04-2024,10:18:20,ABC,0
19-04-2024,10:18:21,ABC,0
19-04-2024,10:18:22,ABC,0
19-04-2024,10:18:23,ABC,30
19-04-2024,10:18:24,ABC,0
19-04-2024,10:18:25,ABC,0
19-04-2024,10:18:26,ABC,0
19-04-2024,10:18:27,ABC,0
19-04-2024,10:18:28,ABC,0
19-04-2024,10:18:29,ABC,1
19-04-2024,10:18:30,ABC,0
19-04-2024,10:18:31,ABC,0
19-04-2024,10:18:32,ABC,0
19-04-2024,10:18:33,ABC,0
19-04-2024,10:18:34,ABC,0
19-04-2024,10:18:35,ABC,23
19-04-2024,10:18:36,ABC,0
19-04-2024,10:18:37,ABC,0
